%YAML 1.1
%TAG !u! tag:unity3d.com,2011:
--- !u!1 &1599322265189039003
GameObject:
  m_ObjectHideFlags: 0
  m_CorrespondingSourceObject: {fileID: 0}
  m_PrefabInstance: {fileID: 0}
  m_PrefabAsset: {fileID: 0}
  serializedVersion: 6
  m_Component:
  - component: {fileID: 309251556077035495}
  m_Layer: 0
  m_Name: Health Bar
  m_TagString: Untagged
  m_Icon: {fileID: 7174288486110832750, guid: 0000000000000000d000000000000000, type: 0}
  m_NavMeshLayer: 0
  m_StaticEditorFlags: 0
  m_IsActive: 1
--- !u!4 &309251556077035495
Transform:
  m_ObjectHideFlags: 0
  m_CorrespondingSourceObject: {fileID: 0}
  m_PrefabInstance: {fileID: 0}
  m_PrefabAsset: {fileID: 0}
  m_GameObject: {fileID: 1599322265189039003}
  m_LocalRotation: {x: -0, y: 0.7071068, z: -0, w: 0.7071068}
  m_LocalPosition: {x: 0, y: 1.98, z: -0.11}
  m_LocalScale: {x: 2, y: 2, z: 2}
  m_Children: []
  m_Father: {fileID: 3798965189116774944}
  m_RootOrder: 0
  m_LocalEulerAnglesHint: {x: 0, y: 0, z: 0}
--- !u!1 &2211396622090556307
GameObject:
  m_ObjectHideFlags: 0
  m_CorrespondingSourceObject: {fileID: 0}
  m_PrefabInstance: {fileID: 0}
  m_PrefabAsset: {fileID: 0}
  serializedVersion: 6
  m_Component:
  - component: {fileID: 539976283516591442}
  - component: {fileID: 4261865888439780557}
  - component: {fileID: 885028436538704570}
  - component: {fileID: 1888782252533353044}
  m_Layer: 7
  m_Name: Sensor Upgrade_1
  m_TagString: Building Upgrade
  m_Icon: {fileID: 0}
  m_NavMeshLayer: 0
  m_StaticEditorFlags: 0
  m_IsActive: 1
--- !u!4 &539976283516591442
Transform:
  m_ObjectHideFlags: 0
  m_CorrespondingSourceObject: {fileID: 0}
  m_PrefabInstance: {fileID: 0}
  m_PrefabAsset: {fileID: 0}
  m_GameObject: {fileID: 2211396622090556307}
  m_LocalRotation: {x: 0, y: 0, z: 0, w: 1}
  m_LocalPosition: {x: -2.66, y: 0.5, z: -0.24}
  m_LocalScale: {x: 1, y: 1, z: 1}
  m_Children: []
  m_Father: {fileID: 2603246199151103625}
  m_RootOrder: 2
  m_LocalEulerAnglesHint: {x: 0, y: 0, z: 0}
--- !u!54 &4261865888439780557
Rigidbody:
  m_ObjectHideFlags: 0
  m_CorrespondingSourceObject: {fileID: 0}
  m_PrefabInstance: {fileID: 0}
  m_PrefabAsset: {fileID: 0}
  m_GameObject: {fileID: 2211396622090556307}
  serializedVersion: 2
  m_Mass: 1
  m_Drag: 0
  m_AngularDrag: 0.05
  m_UseGravity: 0
  m_IsKinematic: 0
  m_Interpolate: 0
  m_Constraints: 126
  m_CollisionDetection: 0
--- !u!65 &885028436538704570
BoxCollider:
  m_ObjectHideFlags: 0
  m_CorrespondingSourceObject: {fileID: 0}
  m_PrefabInstance: {fileID: 0}
  m_PrefabAsset: {fileID: 0}
  m_GameObject: {fileID: 2211396622090556307}
  m_Material: {fileID: 0}
  m_IsTrigger: 1
  m_Enabled: 1
  serializedVersion: 2
  m_Size: {x: 3, y: 1, z: 3}
  m_Center: {x: 0, y: 0, z: 0}
--- !u!114 &1888782252533353044
MonoBehaviour:
  m_ObjectHideFlags: 0
  m_CorrespondingSourceObject: {fileID: 0}
  m_PrefabInstance: {fileID: 0}
  m_PrefabAsset: {fileID: 0}
  m_GameObject: {fileID: 2211396622090556307}
  m_Enabled: 1
  m_EditorHideFlags: 0
  m_Script: {fileID: 11500000, guid: e841c6eddfb006049bd02ce632bb1417, type: 3}
  m_Name: 
  m_EditorClassIdentifier: 
  IgnoreList:
  - {fileID: 4198976383092969844}
  EnableTagFilter: 1
  AllowedTags:
  - Player
  OnDetected:
    m_PersistentCalls:
      m_Calls:
      - m_Target: {fileID: 3974985691610920648}
        m_TargetAssemblyTypeName: Game.UnlockUpgrade, Assembly-CSharp
        m_MethodName: OnSensorDetected
        m_Mode: 0
        m_Arguments:
          m_ObjectArgument: {fileID: 0}
          m_ObjectArgumentAssemblyTypeName: UnityEngine.Object, UnityEngine
          m_IntArgument: 0
          m_FloatArgument: 0
          m_StringArgument: 
          m_BoolArgument: 0
        m_CallState: 2
  OnLostDetection:
    m_PersistentCalls:
      m_Calls:
      - m_Target: {fileID: 3974985691610920648}
        m_TargetAssemblyTypeName: Game.UnlockUpgrade, Assembly-CSharp
        m_MethodName: OnSensorLostDetected
        m_Mode: 0
        m_Arguments:
          m_ObjectArgument: {fileID: 0}
          m_ObjectArgumentAssemblyTypeName: UnityEngine.Object, UnityEngine
          m_IntArgument: 0
          m_FloatArgument: 0
          m_StringArgument: 
          m_BoolArgument: 0
        m_CallState: 2
  DetectionMode: 0
  RequiresLineOfSight: 0
  BlocksLineOfSight:
    serializedVersion: 2
    m_Bits: 0
  TestLOSTargetsOnly: 0
  NumberOfRays: 1
  MinimumVisibility: 0.5
  LineOfSightUpdateMode: 0
  CheckLineOfSightInterval: 1
--- !u!1 &2603246199151103624
GameObject:
  m_ObjectHideFlags: 0
  m_CorrespondingSourceObject: {fileID: 0}
  m_PrefabInstance: {fileID: 0}
  m_PrefabAsset: {fileID: 0}
  serializedVersion: 6
  m_Component:
  - component: {fileID: 2603246199151103625}
  m_Layer: 0
  m_Name: Sensor
  m_TagString: Untagged
  m_Icon: {fileID: 0}
  m_NavMeshLayer: 0
  m_StaticEditorFlags: 0
  m_IsActive: 1
--- !u!4 &2603246199151103625
Transform:
  m_ObjectHideFlags: 0
  m_CorrespondingSourceObject: {fileID: 0}
  m_PrefabInstance: {fileID: 0}
  m_PrefabAsset: {fileID: 0}
  m_GameObject: {fileID: 2603246199151103624}
  m_LocalRotation: {x: -0, y: -0, z: -0, w: 1}
  m_LocalPosition: {x: 0, y: 0, z: 0}
  m_LocalScale: {x: 1, y: 1, z: 1}
  m_Children:
  - {fileID: 2603246199843346652}
  - {fileID: 7298773518812155021}
  - {fileID: 539976283516591442}
  m_Father: {fileID: 4198976383092969845}
  m_RootOrder: 1
  m_LocalEulerAnglesHint: {x: 0, y: 0, z: 0}
--- !u!1 &2603246199843346643
GameObject:
  m_ObjectHideFlags: 0
  m_CorrespondingSourceObject: {fileID: 0}
  m_PrefabInstance: {fileID: 0}
  m_PrefabAsset: {fileID: 0}
  serializedVersion: 6
  m_Component:
  - component: {fileID: 2603246199843346652}
  - component: {fileID: 2603246199843346653}
  - component: {fileID: 2603246199843346655}
  - component: {fileID: 2603246199843346654}
  m_Layer: 7
  m_Name: Sensor Player
  m_TagString: Building Input
  m_Icon: {fileID: 0}
  m_NavMeshLayer: 0
  m_StaticEditorFlags: 0
  m_IsActive: 1
--- !u!4 &2603246199843346652
Transform:
  m_ObjectHideFlags: 0
  m_CorrespondingSourceObject: {fileID: 0}
  m_PrefabInstance: {fileID: 0}
  m_PrefabAsset: {fileID: 0}
  m_GameObject: {fileID: 2603246199843346643}
  m_LocalRotation: {x: 0, y: 0, z: 0, w: 1}
  m_LocalPosition: {x: -0.07, y: 0.5, z: -2.58}
  m_LocalScale: {x: 1, y: 1, z: 1}
  m_Children: []
  m_Father: {fileID: 2603246199151103625}
  m_RootOrder: 0
  m_LocalEulerAnglesHint: {x: 0, y: 0, z: 0}
--- !u!54 &2603246199843346653
Rigidbody:
  m_ObjectHideFlags: 0
  m_CorrespondingSourceObject: {fileID: 0}
  m_PrefabInstance: {fileID: 0}
  m_PrefabAsset: {fileID: 0}
  m_GameObject: {fileID: 2603246199843346643}
  serializedVersion: 2
  m_Mass: 1
  m_Drag: 0
  m_AngularDrag: 0.05
  m_UseGravity: 0
  m_IsKinematic: 0
  m_Interpolate: 0
  m_Constraints: 126
  m_CollisionDetection: 0
--- !u!65 &2603246199843346655
BoxCollider:
  m_ObjectHideFlags: 0
  m_CorrespondingSourceObject: {fileID: 0}
  m_PrefabInstance: {fileID: 0}
  m_PrefabAsset: {fileID: 0}
  m_GameObject: {fileID: 2603246199843346643}
  m_Material: {fileID: 0}
  m_IsTrigger: 1
  m_Enabled: 1
  serializedVersion: 2
  m_Size: {x: 3, y: 1, z: 3}
  m_Center: {x: 0, y: 0, z: 0}
--- !u!114 &2603246199843346654
MonoBehaviour:
  m_ObjectHideFlags: 0
  m_CorrespondingSourceObject: {fileID: 0}
  m_PrefabInstance: {fileID: 0}
  m_PrefabAsset: {fileID: 0}
  m_GameObject: {fileID: 2603246199843346643}
  m_Enabled: 1
  m_EditorHideFlags: 0
  m_Script: {fileID: 11500000, guid: e841c6eddfb006049bd02ce632bb1417, type: 3}
  m_Name: 
  m_EditorClassIdentifier: 
  IgnoreList:
  - {fileID: 4198976383092969844}
  EnableTagFilter: 1
  AllowedTags:
  - Player
  OnDetected:
    m_PersistentCalls:
      m_Calls:
      - m_Target: {fileID: 1235425507006818575}
        m_TargetAssemblyTypeName: Game.Barrack, Assembly-CSharp
        m_MethodName: OnSensorPlayerDetected
        m_Mode: 0
        m_Arguments:
          m_ObjectArgument: {fileID: 0}
          m_ObjectArgumentAssemblyTypeName: UnityEngine.Object, UnityEngine
          m_IntArgument: 0
          m_FloatArgument: 0
          m_StringArgument: 
          m_BoolArgument: 0
        m_CallState: 2
  OnLostDetection:
    m_PersistentCalls:
      m_Calls:
      - m_Target: {fileID: 1235425507006818575}
        m_TargetAssemblyTypeName: Game.Barrack, Assembly-CSharp
        m_MethodName: OnSensorPlayerLostDetected
        m_Mode: 0
        m_Arguments:
          m_ObjectArgument: {fileID: 0}
          m_ObjectArgumentAssemblyTypeName: UnityEngine.Object, UnityEngine
          m_IntArgument: 0
          m_FloatArgument: 0
          m_StringArgument: 
          m_BoolArgument: 0
        m_CallState: 2
  DetectionMode: 0
  RequiresLineOfSight: 0
  BlocksLineOfSight:
    serializedVersion: 2
    m_Bits: 0
  TestLOSTargetsOnly: 0
  NumberOfRays: 1
  MinimumVisibility: 0.5
  LineOfSightUpdateMode: 0
  CheckLineOfSightInterval: 1
--- !u!1 &4198976382413715488
GameObject:
  m_ObjectHideFlags: 0
  m_CorrespondingSourceObject: {fileID: 0}
  m_PrefabInstance: {fileID: 0}
  m_PrefabAsset: {fileID: 0}
  serializedVersion: 6
  m_Component:
  - component: {fileID: 4198976382413715489}
  m_Layer: 0
  m_Name: Graphics
  m_TagString: Untagged
  m_Icon: {fileID: 0}
  m_NavMeshLayer: 0
  m_StaticEditorFlags: 0
  m_IsActive: 1
--- !u!4 &4198976382413715489
Transform:
  m_ObjectHideFlags: 0
  m_CorrespondingSourceObject: {fileID: 0}
  m_PrefabInstance: {fileID: 0}
  m_PrefabAsset: {fileID: 0}
  m_GameObject: {fileID: 4198976382413715488}
  m_LocalRotation: {x: 0, y: 0, z: 0, w: 1}
  m_LocalPosition: {x: 0, y: 0, z: 0}
  m_LocalScale: {x: 1, y: 1, z: 1}
  m_Children:
  - {fileID: 5345717622470283279}
  m_Father: {fileID: 4198976383092969845}
  m_RootOrder: 0
  m_LocalEulerAnglesHint: {x: 0, y: 0, z: 0}
--- !u!1 &4198976383092969844
GameObject:
  m_ObjectHideFlags: 0
  m_CorrespondingSourceObject: {fileID: 0}
  m_PrefabInstance: {fileID: 0}
  m_PrefabAsset: {fileID: 0}
  serializedVersion: 6
  m_Component:
  - component: {fileID: 4198976383092969845}
  - component: {fileID: 8349441707461267199}
  - component: {fileID: 1235425507006818575}
  - component: {fileID: 3974985691610920648}
  - component: {fileID: 3818937593207506195}
  m_Layer: 0
  m_Name: Barrack
  m_TagString: Building
  m_Icon: {fileID: 0}
  m_NavMeshLayer: 0
  m_StaticEditorFlags: 0
  m_IsActive: 1
--- !u!4 &4198976383092969845
Transform:
  m_ObjectHideFlags: 0
  m_CorrespondingSourceObject: {fileID: 0}
  m_PrefabInstance: {fileID: 0}
  m_PrefabAsset: {fileID: 0}
  m_GameObject: {fileID: 4198976383092969844}
  m_LocalRotation: {x: 0, y: 0.7071068, z: 0, w: 0.7071068}
  m_LocalPosition: {x: 0.65, y: 0, z: -7.2}
  m_LocalScale: {x: 2, y: 2, z: 2}
  m_Children:
  - {fileID: 4198976382413715489}
  - {fileID: 2603246199151103625}
  - {fileID: 6198265160132753570}
  - {fileID: 3580612919080685892}
  - {fileID: 3798965189116774944}
  m_Father: {fileID: 0}
  m_RootOrder: 0
  m_LocalEulerAnglesHint: {x: 0, y: 90, z: 0}
--- !u!65 &8349441707461267199
BoxCollider:
  m_ObjectHideFlags: 0
  m_CorrespondingSourceObject: {fileID: 0}
  m_PrefabInstance: {fileID: 0}
  m_PrefabAsset: {fileID: 0}
  m_GameObject: {fileID: 4198976383092969844}
  m_Material: {fileID: 0}
  m_IsTrigger: 0
  m_Enabled: 1
  serializedVersion: 2
  m_Size: {x: 1.5, y: 2, z: 1.5}
  m_Center: {x: 0, y: 1, z: 0}
--- !u!114 &1235425507006818575
MonoBehaviour:
  m_ObjectHideFlags: 0
  m_CorrespondingSourceObject: {fileID: 0}
  m_PrefabInstance: {fileID: 0}
  m_PrefabAsset: {fileID: 0}
  m_GameObject: {fileID: 4198976383092969844}
  m_Enabled: 1
  m_EditorHideFlags: 0
  m_Script: {fileID: 11500000, guid: 1755ac9b1029cc149b299affa42bb16a, type: 3}
  m_Name: 
  m_EditorClassIdentifier: 
  buildingType: 2
  properties: {fileID: 11400000, guid: 8a7368d81c8c60d4699f65a577bd98a1, type: 2}
  attribute:
    buildingLevel:
      statName: 
      statValue: 0
      isUpgradable: 0
      increment: 0
    buildHealthPoint:
      statName: 
      statValue: 0
      isUpgradable: 0
      increment: 0
    productionSpeed:
      statName: 
      statValue: 0
      isUpgradable: 0
      increment: 0
    amountInRuby:
      statName: 
      statValue: 0
      isUpgradable: 0
      increment: 0
    amountInCrystal:
      statName: 
      statValue: 0
      isUpgradable: 0
      increment: 0
    outputType: 0
    currencyTypeOut: 0
    amountOut:
      statName: 
      statValue: 0
      isUpgradable: 0
      increment: 0
    oriAmountOut:
      statName: 
      statValue: 0
      isUpgradable: 0
      increment: 0
  prefabHealthBar: {fileID: -5713796985131567537, guid: deca76f8f6fa30347869ad2a8efc3e09,
    type: 3}
  offsetHealthBar: {fileID: 309251556077035495}
  requirementPopup: {fileID: 4308828458481103682}
  width: 5
  height: 5
  padding: 1
  gridRoot: {fileID: 3580612919080685892}
  defaultTroopProperty: {fileID: 11400000, guid: 15c6cca55549dac4ebeb51a5a7a5895f,
    type: 2}
--- !u!114 &3974985691610920648
MonoBehaviour:
  m_ObjectHideFlags: 0
  m_CorrespondingSourceObject: {fileID: 0}
  m_PrefabInstance: {fileID: 0}
  m_PrefabAsset: {fileID: 0}
  m_GameObject: {fileID: 4198976383092969844}
  m_Enabled: 1
  m_EditorHideFlags: 0
  m_Script: {fileID: 11500000, guid: 6932db8aa6556a44fbc3e765112831bf, type: 3}
  m_Name: 
  m_EditorClassIdentifier: 
  requirementPopup: {fileID: 2009596633325210717}
  sensors:
  - {fileID: 1888782252533353044}
  lockType: 3
  requireCrystal: 10
  requireRuby: 10
--- !u!54 &3818937593207506195
Rigidbody:
  m_ObjectHideFlags: 0
  m_CorrespondingSourceObject: {fileID: 0}
  m_PrefabInstance: {fileID: 0}
  m_PrefabAsset: {fileID: 0}
  m_GameObject: {fileID: 4198976383092969844}
  serializedVersion: 2
  m_Mass: 1
  m_Drag: 0
  m_AngularDrag: 0.05
  m_UseGravity: 0
  m_IsKinematic: 1
  m_Interpolate: 1
  m_Constraints: 126
  m_CollisionDetection: 3
--- !u!64 &394883936780246219
MeshCollider:
  m_ObjectHideFlags: 0
  m_CorrespondingSourceObject: {fileID: 0}
  m_PrefabInstance: {fileID: 0}
  m_PrefabAsset: {fileID: 0}
  m_GameObject: {fileID: 4711923504093809333}
  m_Material: {fileID: 0}
  m_IsTrigger: 0
  m_Enabled: 1
  serializedVersion: 4
  m_Convex: 0
  m_CookingOptions: 30
  m_Mesh: {fileID: 839736791519082144, guid: 2760161a6c248184c98ea2bdac140b32, type: 3}
--- !u!1 &5680231315617850109
GameObject:
  m_ObjectHideFlags: 0
  m_CorrespondingSourceObject: {fileID: 0}
  m_PrefabInstance: {fileID: 0}
  m_PrefabAsset: {fileID: 0}
  serializedVersion: 6
  m_Component:
  - component: {fileID: 9090160477986020882}
  m_Layer: 0
  m_Name: Output Point
  m_TagString: Untagged
  m_Icon: {fileID: -5487077368411116049, guid: 0000000000000000d000000000000000, type: 0}
  m_NavMeshLayer: 0
  m_StaticEditorFlags: 0
  m_IsActive: 1
--- !u!4 &9090160477986020882
Transform:
  m_ObjectHideFlags: 0
  m_CorrespondingSourceObject: {fileID: 0}
  m_PrefabInstance: {fileID: 0}
  m_PrefabAsset: {fileID: 0}
  m_GameObject: {fileID: 5680231315617850109}
  m_LocalRotation: {x: -0, y: -0, z: -0, w: 1}
  m_LocalPosition: {x: -1.578, y: 0, z: 1.402}
  m_LocalScale: {x: 1, y: 1, z: 1}
  m_Children: []
  m_Father: {fileID: 3580612919080685892}
  m_RootOrder: 0
  m_LocalEulerAnglesHint: {x: 0, y: 0, z: 0}
--- !u!1 &5932689399195049899
GameObject:
  m_ObjectHideFlags: 0
  m_CorrespondingSourceObject: {fileID: 0}
  m_PrefabInstance: {fileID: 0}
  m_PrefabAsset: {fileID: 0}
  serializedVersion: 6
  m_Component:
  - component: {fileID: 8975415939114984012}
  m_Layer: 0
  m_Name: Output Ground
  m_TagString: Untagged
  m_Icon: {fileID: 0}
  m_NavMeshLayer: 0
  m_StaticEditorFlags: 0
  m_IsActive: 1
--- !u!4 &8975415939114984012
Transform:
  m_ObjectHideFlags: 0
  m_CorrespondingSourceObject: {fileID: 0}
  m_PrefabInstance: {fileID: 0}
  m_PrefabAsset: {fileID: 0}
  m_GameObject: {fileID: 5932689399195049899}
  m_LocalRotation: {x: 0, y: 0, z: 0, w: 1}
  m_LocalPosition: {x: -0.57, y: 0, z: -0.55}
  m_LocalScale: {x: 1, y: 1, z: 1}
  m_Children: []
  m_Father: {fileID: 3580612919080685892}
  m_RootOrder: 1
  m_LocalEulerAnglesHint: {x: 0, y: 0, z: 0}
--- !u!1 &7301069825464464456
GameObject:
  m_ObjectHideFlags: 0
  m_CorrespondingSourceObject: {fileID: 0}
  m_PrefabInstance: {fileID: 0}
  m_PrefabAsset: {fileID: 0}
  serializedVersion: 6
  m_Component:
  - component: {fileID: 7614691154212147000}
  - component: {fileID: 6403668166781782690}
  - component: {fileID: 804083512899130851}
  m_Layer: 0
  m_Name: Output Image
  m_TagString: Untagged
  m_Icon: {fileID: 0}
  m_NavMeshLayer: 0
  m_StaticEditorFlags: 0
  m_IsActive: 1
--- !u!224 &7614691154212147000
RectTransform:
  m_ObjectHideFlags: 0
  m_CorrespondingSourceObject: {fileID: 0}
  m_PrefabInstance: {fileID: 0}
  m_PrefabAsset: {fileID: 0}
  m_GameObject: {fileID: 7301069825464464456}
  m_LocalRotation: {x: 0, y: 0, z: 0, w: 1}
  m_LocalPosition: {x: 0, y: 0, z: 0.004}
  m_LocalScale: {x: 1, y: 1, z: 1}
  m_Children: []
  m_Father: {fileID: 6198265160132753570}
  m_RootOrder: 0
  m_LocalEulerAnglesHint: {x: 0, y: 0, z: 0}
  m_AnchorMin: {x: 0.5, y: 0.5}
  m_AnchorMax: {x: 0.5, y: 0.5}
  m_AnchoredPosition: {x: 0.03, y: -2.58}
  m_SizeDelta: {x: 4.5, y: 4.5}
  m_Pivot: {x: 0.5, y: 0.5}
--- !u!222 &6403668166781782690
CanvasRenderer:
  m_ObjectHideFlags: 0
  m_CorrespondingSourceObject: {fileID: 0}
  m_PrefabInstance: {fileID: 0}
  m_PrefabAsset: {fileID: 0}
  m_GameObject: {fileID: 7301069825464464456}
  m_CullTransparentMesh: 1
--- !u!114 &804083512899130851
MonoBehaviour:
  m_ObjectHideFlags: 0
  m_CorrespondingSourceObject: {fileID: 0}
  m_PrefabInstance: {fileID: 0}
  m_PrefabAsset: {fileID: 0}
  m_GameObject: {fileID: 7301069825464464456}
  m_Enabled: 1
  m_EditorHideFlags: 0
  m_Script: {fileID: 11500000, guid: fe87c0e1cc204ed48ad3b37840f39efc, type: 3}
  m_Name: 
  m_EditorClassIdentifier: 
  m_Material: {fileID: 0}
  m_Color: {r: 1, g: 1, b: 1, a: 0.19607843}
  m_RaycastTarget: 0
  m_RaycastPadding: {x: 0, y: 0, z: 0, w: 0}
  m_Maskable: 0
  m_OnCullStateChanged:
    m_PersistentCalls:
      m_Calls: []
  m_Sprite: {fileID: -2813322404520143924, guid: df9b243243eb09b47b3ed22bf1ffb0ff,
    type: 3}
  m_Type: 0
  m_PreserveAspect: 0
  m_FillCenter: 1
  m_FillMethod: 4
  m_FillAmount: 1
  m_FillClockwise: 1
  m_FillOrigin: 0
  m_UseSpriteMesh: 0
  m_PixelsPerUnitMultiplier: 1
--- !u!1 &7388594151086897704
GameObject:
  m_ObjectHideFlags: 0
  m_CorrespondingSourceObject: {fileID: 0}
  m_PrefabInstance: {fileID: 0}
  m_PrefabAsset: {fileID: 0}
  serializedVersion: 6
  m_Component:
  - component: {fileID: 3580612919080685892}
  m_Layer: 0
  m_Name: Output
  m_TagString: Untagged
  m_Icon: {fileID: 0}
  m_NavMeshLayer: 0
  m_StaticEditorFlags: 0
  m_IsActive: 1
--- !u!4 &3580612919080685892
Transform:
  m_ObjectHideFlags: 0
  m_CorrespondingSourceObject: {fileID: 0}
  m_PrefabInstance: {fileID: 0}
  m_PrefabAsset: {fileID: 0}
  m_GameObject: {fileID: 7388594151086897704}
  m_LocalRotation: {x: 0, y: 0, z: 0, w: 1}
  m_LocalPosition: {x: 2.48, y: 0, z: -2.01}
  m_LocalScale: {x: 1, y: 1, z: 1}
  m_Children:
  - {fileID: 9090160477986020882}
  - {fileID: 8975415939114984012}
  m_Father: {fileID: 4198976383092969845}
  m_RootOrder: 3
  m_LocalEulerAnglesHint: {x: 0, y: 0, z: 0}
--- !u!1 &7906846393343915656
GameObject:
  m_ObjectHideFlags: 0
  m_CorrespondingSourceObject: {fileID: 0}
  m_PrefabInstance: {fileID: 0}
  m_PrefabAsset: {fileID: 0}
  serializedVersion: 6
  m_Component:
  - component: {fileID: 7298773518812155021}
  - component: {fileID: 9170968259511667100}
  - component: {fileID: 8967009515486477122}
  - component: {fileID: 8471870442781366735}
  m_Layer: 7
  m_Name: Sensor Upgrade
  m_TagString: Building Upgrade
  m_Icon: {fileID: 0}
  m_NavMeshLayer: 0
  m_StaticEditorFlags: 0
  m_IsActive: 0
--- !u!4 &7298773518812155021
Transform:
  m_ObjectHideFlags: 0
  m_CorrespondingSourceObject: {fileID: 0}
  m_PrefabInstance: {fileID: 0}
  m_PrefabAsset: {fileID: 0}
  m_GameObject: {fileID: 7906846393343915656}
  m_LocalRotation: {x: 0, y: 0, z: 0, w: 1}
  m_LocalPosition: {x: 0, y: 0.5, z: 2.091}
  m_LocalScale: {x: 1, y: 1, z: 1}
  m_Children: []
  m_Father: {fileID: 2603246199151103625}
  m_RootOrder: 1
  m_LocalEulerAnglesHint: {x: 0, y: 0, z: 0}
--- !u!54 &9170968259511667100
Rigidbody:
  m_ObjectHideFlags: 0
  m_CorrespondingSourceObject: {fileID: 0}
  m_PrefabInstance: {fileID: 0}
  m_PrefabAsset: {fileID: 0}
  m_GameObject: {fileID: 7906846393343915656}
  serializedVersion: 2
  m_Mass: 1
  m_Drag: 0
  m_AngularDrag: 0.05
  m_UseGravity: 0
  m_IsKinematic: 0
  m_Interpolate: 0
  m_Constraints: 126
  m_CollisionDetection: 0
--- !u!65 &8967009515486477122
BoxCollider:
  m_ObjectHideFlags: 0
  m_CorrespondingSourceObject: {fileID: 0}
  m_PrefabInstance: {fileID: 0}
  m_PrefabAsset: {fileID: 0}
  m_GameObject: {fileID: 7906846393343915656}
  m_Material: {fileID: 0}
  m_IsTrigger: 1
  m_Enabled: 1
  serializedVersion: 2
  m_Size: {x: 2, y: 1, z: 2}
  m_Center: {x: 0, y: 0, z: 0}
--- !u!114 &8471870442781366735
MonoBehaviour:
  m_ObjectHideFlags: 0
  m_CorrespondingSourceObject: {fileID: 0}
  m_PrefabInstance: {fileID: 0}
  m_PrefabAsset: {fileID: 0}
  m_GameObject: {fileID: 7906846393343915656}
  m_Enabled: 1
  m_EditorHideFlags: 0
  m_Script: {fileID: 11500000, guid: e841c6eddfb006049bd02ce632bb1417, type: 3}
  m_Name: 
  m_EditorClassIdentifier: 
  IgnoreList:
  - {fileID: 4198976383092969844}
  EnableTagFilter: 1
  AllowedTags:
  - Player
  OnDetected:
    m_PersistentCalls:
      m_Calls:
      - m_Target: {fileID: 3974985691610920648}
        m_TargetAssemblyTypeName: Game.UnlockUpgrade, Assembly-CSharp
        m_MethodName: OnSensorDetected
        m_Mode: 0
        m_Arguments:
          m_ObjectArgument: {fileID: 0}
          m_ObjectArgumentAssemblyTypeName: UnityEngine.Object, UnityEngine
          m_IntArgument: 0
          m_FloatArgument: 0
          m_StringArgument: 
          m_BoolArgument: 0
        m_CallState: 2
  OnLostDetection:
    m_PersistentCalls:
      m_Calls:
      - m_Target: {fileID: 3974985691610920648}
        m_TargetAssemblyTypeName: Game.UnlockUpgrade, Assembly-CSharp
        m_MethodName: OnSensorLostDetected
        m_Mode: 0
        m_Arguments:
          m_ObjectArgument: {fileID: 0}
          m_ObjectArgumentAssemblyTypeName: UnityEngine.Object, UnityEngine
          m_IntArgument: 0
          m_FloatArgument: 0
          m_StringArgument: 
          m_BoolArgument: 0
        m_CallState: 2
  DetectionMode: 0
  RequiresLineOfSight: 0
  BlocksLineOfSight:
    serializedVersion: 2
    m_Bits: 0
  TestLOSTargetsOnly: 0
  NumberOfRays: 1
  MinimumVisibility: 0.5
  LineOfSightUpdateMode: 0
  CheckLineOfSightInterval: 1
--- !u!1 &8947836334904676074
GameObject:
  m_ObjectHideFlags: 0
  m_CorrespondingSourceObject: {fileID: 0}
  m_PrefabInstance: {fileID: 0}
  m_PrefabAsset: {fileID: 0}
  serializedVersion: 6
  m_Component:
  - component: {fileID: 6198265160132753570}
  - component: {fileID: 5841293248865403220}
  - component: {fileID: 1459142983138419074}
  - component: {fileID: 2319570338122000797}
  m_Layer: 0
  m_Name: Canvas
  m_TagString: Untagged
  m_Icon: {fileID: 0}
  m_NavMeshLayer: 0
  m_StaticEditorFlags: 0
  m_IsActive: 1
--- !u!224 &6198265160132753570
RectTransform:
  m_ObjectHideFlags: 0
  m_CorrespondingSourceObject: {fileID: 0}
  m_PrefabInstance: {fileID: 0}
  m_PrefabAsset: {fileID: 0}
  m_GameObject: {fileID: 8947836334904676074}
  m_LocalRotation: {x: 0.5, y: -0.5, z: 0.5, w: 0.5}
  m_LocalPosition: {x: 0, y: 0, z: -0.00999999}
  m_LocalScale: {x: 1, y: 1, z: 1}
  m_Children:
  - {fileID: 7614691154212147000}
  - {fileID: 112002207851179959}
  - {fileID: 2423610260245762216}
  m_Father: {fileID: 4198976383092969845}
  m_RootOrder: 2
  m_LocalEulerAnglesHint: {x: 90, y: -90, z: 0}
  m_AnchorMin: {x: 0.5, y: 0.5}
  m_AnchorMax: {x: 0.5, y: 0.5}
  m_AnchoredPosition: {x: 1.9100006, y: 0}
  m_SizeDelta: {x: 15, y: 15}
  m_Pivot: {x: 0.5, y: 0.5}
--- !u!223 &5841293248865403220
Canvas:
  m_ObjectHideFlags: 0
  m_CorrespondingSourceObject: {fileID: 0}
  m_PrefabInstance: {fileID: 0}
  m_PrefabAsset: {fileID: 0}
  m_GameObject: {fileID: 8947836334904676074}
  m_Enabled: 1
  serializedVersion: 3
  m_RenderMode: 2
  m_Camera: {fileID: 0}
  m_PlaneDistance: 100
  m_PixelPerfect: 0
  m_ReceivesEvents: 1
  m_OverrideSorting: 0
  m_OverridePixelPerfect: 0
  m_SortingBucketNormalizedSize: 0
  m_AdditionalShaderChannelsFlag: 25
  m_SortingLayerID: 0
  m_SortingOrder: 0
  m_TargetDisplay: 0
--- !u!114 &1459142983138419074
MonoBehaviour:
  m_ObjectHideFlags: 0
  m_CorrespondingSourceObject: {fileID: 0}
  m_PrefabInstance: {fileID: 0}
  m_PrefabAsset: {fileID: 0}
  m_GameObject: {fileID: 8947836334904676074}
  m_Enabled: 1
  m_EditorHideFlags: 0
  m_Script: {fileID: 11500000, guid: 0cd44c1031e13a943bb63640046fad76, type: 3}
  m_Name: 
  m_EditorClassIdentifier: 
  m_UiScaleMode: 0
  m_ReferencePixelsPerUnit: 100
  m_ScaleFactor: 1
  m_ReferenceResolution: {x: 800, y: 600}
  m_ScreenMatchMode: 0
  m_MatchWidthOrHeight: 0
  m_PhysicalUnit: 3
  m_FallbackScreenDPI: 96
  m_DefaultSpriteDPI: 96
  m_DynamicPixelsPerUnit: 1
  m_PresetInfoIsWorld: 1
--- !u!114 &2319570338122000797
MonoBehaviour:
  m_ObjectHideFlags: 0
  m_CorrespondingSourceObject: {fileID: 0}
  m_PrefabInstance: {fileID: 0}
  m_PrefabAsset: {fileID: 0}
  m_GameObject: {fileID: 8947836334904676074}
  m_Enabled: 1
  m_EditorHideFlags: 0
  m_Script: {fileID: 11500000, guid: dc42784cf147c0c48a680349fa168899, type: 3}
  m_Name: 
  m_EditorClassIdentifier: 
  m_IgnoreReversedGraphics: 1
  m_BlockingObjects: 0
  m_BlockingMask:
    serializedVersion: 2
    m_Bits: 4294967295
--- !u!1 &9044221268212003603
GameObject:
  m_ObjectHideFlags: 0
  m_CorrespondingSourceObject: {fileID: 0}
  m_PrefabInstance: {fileID: 0}
  m_PrefabAsset: {fileID: 0}
  serializedVersion: 6
  m_Component:
  - component: {fileID: 3798965189116774944}
  m_Layer: 0
  m_Name: Offset
  m_TagString: Untagged
  m_Icon: {fileID: 0}
  m_NavMeshLayer: 0
  m_StaticEditorFlags: 0
  m_IsActive: 1
--- !u!4 &3798965189116774944
Transform:
  m_ObjectHideFlags: 0
  m_CorrespondingSourceObject: {fileID: 0}
  m_PrefabInstance: {fileID: 0}
  m_PrefabAsset: {fileID: 0}
  m_GameObject: {fileID: 9044221268212003603}
  m_LocalRotation: {x: 0, y: 0, z: 0, w: 1}
  m_LocalPosition: {x: 0, y: 0, z: 0}
  m_LocalScale: {x: 1, y: 1, z: 1}
  m_Children:
  - {fileID: 309251556077035495}
  m_Father: {fileID: 4198976383092969845}
  m_RootOrder: 4
  m_LocalEulerAnglesHint: {x: 0, y: 0, z: 0}
--- !u!1001 &4933921132464164316
PrefabInstance:
  m_ObjectHideFlags: 0
  serializedVersion: 2
  m_Modification:
    m_TransformParent: {fileID: 6198265160132753570}
    m_Modifications:
    - target: {fileID: 71673092467260207, guid: d9bede8cf6ddcfc4fa5979837ecde702,
        type: 3}
      propertyPath: m_Name
      value: Input Upgrade
      objectReference: {fileID: 0}
    - target: {fileID: 6454402001038709929, guid: d9bede8cf6ddcfc4fa5979837ecde702,
        type: 3}
      propertyPath: m_text
      value: '10 <sprite="ruby" index=0>

        10 <sprite="ruby" index=0>'
      objectReference: {fileID: 0}
    - target: {fileID: 6454402001038709929, guid: d9bede8cf6ddcfc4fa5979837ecde702,
        type: 3}
      propertyPath: m_fontSize
      value: 0.65
      objectReference: {fileID: 0}
    - target: {fileID: 6454402001038709929, guid: d9bede8cf6ddcfc4fa5979837ecde702,
        type: 3}
      propertyPath: m_margin.w
      value: 0.48940027
      objectReference: {fileID: 0}
    - target: {fileID: 6454402001038709929, guid: d9bede8cf6ddcfc4fa5979837ecde702,
        type: 3}
      propertyPath: m_fontSizeBase
      value: 0.65
      objectReference: {fileID: 0}
    - target: {fileID: 7339367185663466868, guid: d9bede8cf6ddcfc4fa5979837ecde702,
        type: 3}
      propertyPath: m_Pivot.x
      value: 0.5
      objectReference: {fileID: 0}
    - target: {fileID: 7339367185663466868, guid: d9bede8cf6ddcfc4fa5979837ecde702,
        type: 3}
      propertyPath: m_Pivot.y
      value: 0.5
      objectReference: {fileID: 0}
    - target: {fileID: 7339367185663466868, guid: d9bede8cf6ddcfc4fa5979837ecde702,
        type: 3}
      propertyPath: m_RootOrder
      value: 2
      objectReference: {fileID: 0}
    - target: {fileID: 7339367185663466868, guid: d9bede8cf6ddcfc4fa5979837ecde702,
        type: 3}
      propertyPath: m_AnchorMax.x
      value: 0.5
      objectReference: {fileID: 0}
    - target: {fileID: 7339367185663466868, guid: d9bede8cf6ddcfc4fa5979837ecde702,
        type: 3}
      propertyPath: m_AnchorMax.y
      value: 0.5
      objectReference: {fileID: 0}
    - target: {fileID: 7339367185663466868, guid: d9bede8cf6ddcfc4fa5979837ecde702,
        type: 3}
      propertyPath: m_AnchorMin.x
      value: 0.5
      objectReference: {fileID: 0}
    - target: {fileID: 7339367185663466868, guid: d9bede8cf6ddcfc4fa5979837ecde702,
        type: 3}
      propertyPath: m_AnchorMin.y
      value: 0.5
      objectReference: {fileID: 0}
    - target: {fileID: 7339367185663466868, guid: d9bede8cf6ddcfc4fa5979837ecde702,
        type: 3}
      propertyPath: m_SizeDelta.x
      value: 2.1513
      objectReference: {fileID: 0}
    - target: {fileID: 7339367185663466868, guid: d9bede8cf6ddcfc4fa5979837ecde702,
        type: 3}
      propertyPath: m_SizeDelta.y
      value: 2
      objectReference: {fileID: 0}
    - target: {fileID: 7339367185663466868, guid: d9bede8cf6ddcfc4fa5979837ecde702,
        type: 3}
      propertyPath: m_LocalPosition.x
      value: 0
      objectReference: {fileID: 0}
    - target: {fileID: 7339367185663466868, guid: d9bede8cf6ddcfc4fa5979837ecde702,
        type: 3}
      propertyPath: m_LocalPosition.y
      value: 0
      objectReference: {fileID: 0}
    - target: {fileID: 7339367185663466868, guid: d9bede8cf6ddcfc4fa5979837ecde702,
        type: 3}
      propertyPath: m_LocalPosition.z
      value: 0.005
      objectReference: {fileID: 0}
    - target: {fileID: 7339367185663466868, guid: d9bede8cf6ddcfc4fa5979837ecde702,
        type: 3}
      propertyPath: m_LocalRotation.w
      value: 0.7071068
      objectReference: {fileID: 0}
    - target: {fileID: 7339367185663466868, guid: d9bede8cf6ddcfc4fa5979837ecde702,
        type: 3}
      propertyPath: m_LocalRotation.x
      value: 0
      objectReference: {fileID: 0}
    - target: {fileID: 7339367185663466868, guid: d9bede8cf6ddcfc4fa5979837ecde702,
        type: 3}
      propertyPath: m_LocalRotation.y
      value: 0
      objectReference: {fileID: 0}
    - target: {fileID: 7339367185663466868, guid: d9bede8cf6ddcfc4fa5979837ecde702,
        type: 3}
      propertyPath: m_LocalRotation.z
      value: 0.7071068
      objectReference: {fileID: 0}
    - target: {fileID: 7339367185663466868, guid: d9bede8cf6ddcfc4fa5979837ecde702,
        type: 3}
      propertyPath: m_AnchoredPosition.x
      value: -0.08
      objectReference: {fileID: 0}
    - target: {fileID: 7339367185663466868, guid: d9bede8cf6ddcfc4fa5979837ecde702,
        type: 3}
      propertyPath: m_AnchoredPosition.y
      value: 4.0056
      objectReference: {fileID: 0}
    - target: {fileID: 7339367185663466868, guid: d9bede8cf6ddcfc4fa5979837ecde702,
        type: 3}
      propertyPath: m_LocalEulerAnglesHint.x
      value: 0
      objectReference: {fileID: 0}
    - target: {fileID: 7339367185663466868, guid: d9bede8cf6ddcfc4fa5979837ecde702,
        type: 3}
      propertyPath: m_LocalEulerAnglesHint.y
      value: 0
      objectReference: {fileID: 0}
    - target: {fileID: 7339367185663466868, guid: d9bede8cf6ddcfc4fa5979837ecde702,
        type: 3}
      propertyPath: m_LocalEulerAnglesHint.z
      value: 90
      objectReference: {fileID: 0}
    m_RemovedComponents: []
  m_SourcePrefab: {fileID: 100100000, guid: d9bede8cf6ddcfc4fa5979837ecde702, type: 3}
--- !u!224 &2423610260245762216 stripped
RectTransform:
  m_CorrespondingSourceObject: {fileID: 7339367185663466868, guid: d9bede8cf6ddcfc4fa5979837ecde702,
    type: 3}
  m_PrefabInstance: {fileID: 4933921132464164316}
  m_PrefabAsset: {fileID: 0}
--- !u!114 &2009596633325210717 stripped
MonoBehaviour:
  m_CorrespondingSourceObject: {fileID: 6889181816632787329, guid: d9bede8cf6ddcfc4fa5979837ecde702,
    type: 3}
  m_PrefabInstance: {fileID: 4933921132464164316}
  m_PrefabAsset: {fileID: 0}
  m_GameObject: {fileID: 0}
  m_Enabled: 1
  m_EditorHideFlags: 0
  m_Script: {fileID: 11500000, guid: ba317ceaaed0a5243b81ce35ad95fa36, type: 3}
  m_Name: 
  m_EditorClassIdentifier: 
--- !u!1001 &5595006375544387556
PrefabInstance:
  m_ObjectHideFlags: 0
  serializedVersion: 2
  m_Modification:
    m_TransformParent: {fileID: 4198976382413715489}
    m_Modifications:
    - target: {fileID: -8679921383154817045, guid: 2760161a6c248184c98ea2bdac140b32,
        type: 3}
      propertyPath: m_RootOrder
      value: 0
      objectReference: {fileID: 0}
    - target: {fileID: -8679921383154817045, guid: 2760161a6c248184c98ea2bdac140b32,
        type: 3}
      propertyPath: m_LocalPosition.x
      value: 0
      objectReference: {fileID: 0}
    - target: {fileID: -8679921383154817045, guid: 2760161a6c248184c98ea2bdac140b32,
        type: 3}
      propertyPath: m_LocalPosition.y
      value: 1
      objectReference: {fileID: 0}
    - target: {fileID: -8679921383154817045, guid: 2760161a6c248184c98ea2bdac140b32,
        type: 3}
      propertyPath: m_LocalPosition.z
      value: 0
      objectReference: {fileID: 0}
    - target: {fileID: -8679921383154817045, guid: 2760161a6c248184c98ea2bdac140b32,
        type: 3}
      propertyPath: m_LocalRotation.w
      value: 1
      objectReference: {fileID: 0}
    - target: {fileID: -8679921383154817045, guid: 2760161a6c248184c98ea2bdac140b32,
        type: 3}
      propertyPath: m_LocalRotation.x
      value: 0
      objectReference: {fileID: 0}
    - target: {fileID: -8679921383154817045, guid: 2760161a6c248184c98ea2bdac140b32,
        type: 3}
      propertyPath: m_LocalRotation.y
      value: -0
      objectReference: {fileID: 0}
    - target: {fileID: -8679921383154817045, guid: 2760161a6c248184c98ea2bdac140b32,
        type: 3}
      propertyPath: m_LocalRotation.z
      value: -0
      objectReference: {fileID: 0}
    - target: {fileID: -8679921383154817045, guid: 2760161a6c248184c98ea2bdac140b32,
        type: 3}
      propertyPath: m_LocalEulerAnglesHint.x
      value: 0
      objectReference: {fileID: 0}
    - target: {fileID: -8679921383154817045, guid: 2760161a6c248184c98ea2bdac140b32,
        type: 3}
      propertyPath: m_LocalEulerAnglesHint.y
      value: 0
      objectReference: {fileID: 0}
    - target: {fileID: -8679921383154817045, guid: 2760161a6c248184c98ea2bdac140b32,
        type: 3}
      propertyPath: m_LocalEulerAnglesHint.z
      value: 0
      objectReference: {fileID: 0}
    - target: {fileID: -7511558181221131132, guid: 2760161a6c248184c98ea2bdac140b32,
        type: 3}
      propertyPath: m_CastShadows
      value: 0
      objectReference: {fileID: 0}
    - target: {fileID: -7511558181221131132, guid: 2760161a6c248184c98ea2bdac140b32,
        type: 3}
      propertyPath: m_ReceiveShadows
      value: 0
      objectReference: {fileID: 0}
    - target: {fileID: 919132149155446097, guid: 2760161a6c248184c98ea2bdac140b32,
        type: 3}
      propertyPath: m_Name
      value: Barrack
      objectReference: {fileID: 0}
    - target: {fileID: 919132149155446097, guid: 2760161a6c248184c98ea2bdac140b32,
        type: 3}
      propertyPath: m_StaticEditorFlags
      value: 4294967295
      objectReference: {fileID: 0}
    m_RemovedComponents: []
  m_SourcePrefab: {fileID: 100100000, guid: 2760161a6c248184c98ea2bdac140b32, type: 3}
--- !u!4 &5345717622470283279 stripped
Transform:
  m_CorrespondingSourceObject: {fileID: -8679921383154817045, guid: 2760161a6c248184c98ea2bdac140b32,
    type: 3}
  m_PrefabInstance: {fileID: 5595006375544387556}
  m_PrefabAsset: {fileID: 0}
--- !u!1 &4711923504093809333 stripped
GameObject:
  m_CorrespondingSourceObject: {fileID: 919132149155446097, guid: 2760161a6c248184c98ea2bdac140b32,
    type: 3}
  m_PrefabInstance: {fileID: 5595006375544387556}
  m_PrefabAsset: {fileID: 0}
--- !u!1001 &7230321376809611971
PrefabInstance:
  m_ObjectHideFlags: 0
  serializedVersion: 2
  m_Modification:
    m_TransformParent: {fileID: 6198265160132753570}
    m_Modifications:
    - target: {fileID: 71673092467260207, guid: d9bede8cf6ddcfc4fa5979837ecde702,
        type: 3}
      propertyPath: m_Name
      value: Input Currency
      objectReference: {fileID: 0}
    - target: {fileID: 6454402001038709929, guid: d9bede8cf6ddcfc4fa5979837ecde702,
        type: 3}
      propertyPath: m_fontSize
      value: 0.5
      objectReference: {fileID: 0}
    - target: {fileID: 6454402001038709929, guid: d9bede8cf6ddcfc4fa5979837ecde702,
        type: 3}
      propertyPath: m_fontSizeBase
      value: 0.5
      objectReference: {fileID: 0}
    - target: {fileID: 7339367185663466868, guid: d9bede8cf6ddcfc4fa5979837ecde702,
        type: 3}
      propertyPath: m_Pivot.x
      value: 0.5
      objectReference: {fileID: 0}
    - target: {fileID: 7339367185663466868, guid: d9bede8cf6ddcfc4fa5979837ecde702,
        type: 3}
      propertyPath: m_Pivot.y
      value: 0.5
      objectReference: {fileID: 0}
    - target: {fileID: 7339367185663466868, guid: d9bede8cf6ddcfc4fa5979837ecde702,
        type: 3}
      propertyPath: m_RootOrder
      value: 1
      objectReference: {fileID: 0}
    - target: {fileID: 7339367185663466868, guid: d9bede8cf6ddcfc4fa5979837ecde702,
        type: 3}
      propertyPath: m_AnchorMax.x
      value: 0.5
      objectReference: {fileID: 0}
    - target: {fileID: 7339367185663466868, guid: d9bede8cf6ddcfc4fa5979837ecde702,
        type: 3}
      propertyPath: m_AnchorMax.y
      value: 0.5
      objectReference: {fileID: 0}
    - target: {fileID: 7339367185663466868, guid: d9bede8cf6ddcfc4fa5979837ecde702,
        type: 3}
      propertyPath: m_AnchorMin.x
      value: 0.5
      objectReference: {fileID: 0}
    - target: {fileID: 7339367185663466868, guid: d9bede8cf6ddcfc4fa5979837ecde702,
        type: 3}
      propertyPath: m_AnchorMin.y
      value: 0.5
      objectReference: {fileID: 0}
    - target: {fileID: 7339367185663466868, guid: d9bede8cf6ddcfc4fa5979837ecde702,
        type: 3}
      propertyPath: m_SizeDelta.x
      value: 2
      objectReference: {fileID: 0}
    - target: {fileID: 7339367185663466868, guid: d9bede8cf6ddcfc4fa5979837ecde702,
        type: 3}
      propertyPath: m_SizeDelta.y
      value: 2
      objectReference: {fileID: 0}
    - target: {fileID: 7339367185663466868, guid: d9bede8cf6ddcfc4fa5979837ecde702,
        type: 3}
      propertyPath: m_LocalPosition.x
      value: 0
      objectReference: {fileID: 0}
    - target: {fileID: 7339367185663466868, guid: d9bede8cf6ddcfc4fa5979837ecde702,
        type: 3}
      propertyPath: m_LocalPosition.y
      value: 0
      objectReference: {fileID: 0}
    - target: {fileID: 7339367185663466868, guid: d9bede8cf6ddcfc4fa5979837ecde702,
        type: 3}
      propertyPath: m_LocalPosition.z
      value: 0.01
      objectReference: {fileID: 0}
    - target: {fileID: 7339367185663466868, guid: d9bede8cf6ddcfc4fa5979837ecde702,
        type: 3}
      propertyPath: m_LocalRotation.w
      value: 1
      objectReference: {fileID: 0}
    - target: {fileID: 7339367185663466868, guid: d9bede8cf6ddcfc4fa5979837ecde702,
        type: 3}
      propertyPath: m_LocalRotation.x
      value: 0
      objectReference: {fileID: 0}
    - target: {fileID: 7339367185663466868, guid: d9bede8cf6ddcfc4fa5979837ecde702,
        type: 3}
      propertyPath: m_LocalRotation.y
      value: 0
      objectReference: {fileID: 0}
    - target: {fileID: 7339367185663466868, guid: d9bede8cf6ddcfc4fa5979837ecde702,
        type: 3}
      propertyPath: m_LocalRotation.z
      value: 0
      objectReference: {fileID: 0}
    - target: {fileID: 7339367185663466868, guid: d9bede8cf6ddcfc4fa5979837ecde702,
        type: 3}
      propertyPath: m_AnchoredPosition.x
      value: -2.105
      objectReference: {fileID: 0}
    - target: {fileID: 7339367185663466868, guid: d9bede8cf6ddcfc4fa5979837ecde702,
        type: 3}
      propertyPath: m_AnchoredPosition.y
      value: 1.91
      objectReference: {fileID: 0}
    - target: {fileID: 7339367185663466868, guid: d9bede8cf6ddcfc4fa5979837ecde702,
        type: 3}
      propertyPath: m_LocalEulerAnglesHint.x
      value: 0
      objectReference: {fileID: 0}
    - target: {fileID: 7339367185663466868, guid: d9bede8cf6ddcfc4fa5979837ecde702,
        type: 3}
      propertyPath: m_LocalEulerAnglesHint.y
      value: 0
      objectReference: {fileID: 0}
    - target: {fileID: 7339367185663466868, guid: d9bede8cf6ddcfc4fa5979837ecde702,
        type: 3}
      propertyPath: m_LocalEulerAnglesHint.z
      value: 0
      objectReference: {fileID: 0}
    m_RemovedComponents: []
  m_SourcePrefab: {fileID: 100100000, guid: d9bede8cf6ddcfc4fa5979837ecde702, type: 3}
--- !u!224 &112002207851179959 stripped
RectTransform:
  m_CorrespondingSourceObject: {fileID: 7339367185663466868, guid: d9bede8cf6ddcfc4fa5979837ecde702,
    type: 3}
  m_PrefabInstance: {fileID: 7230321376809611971}
  m_PrefabAsset: {fileID: 0}
--- !u!114 &4308828458481103682 stripped
MonoBehaviour:
  m_CorrespondingSourceObject: {fileID: 6889181816632787329, guid: d9bede8cf6ddcfc4fa5979837ecde702,
    type: 3}
  m_PrefabInstance: {fileID: 7230321376809611971}
  m_PrefabAsset: {fileID: 0}
  m_GameObject: {fileID: 0}
  m_Enabled: 1
  m_EditorHideFlags: 0
  m_Script: {fileID: 11500000, guid: ba317ceaaed0a5243b81ce35ad95fa36, type: 3}
  m_Name: 
  m_EditorClassIdentifier: 
