%YAML 1.1
%TAG !u! tag:unity3d.com,2011:
--- !u!1 &4680290468002664287
GameObject:
  m_ObjectHideFlags: 0
  m_CorrespondingSourceObject: {fileID: 0}
  m_PrefabInstance: {fileID: 0}
  m_PrefabAsset: {fileID: 0}
  serializedVersion: 6
  m_Component:
  - component: {fileID: 4680290468002664286}
  m_Layer: 0
  m_Name: Vfx
  m_TagString: Untagged
  m_Icon: {fileID: 0}
  m_NavMeshLayer: 0
  m_StaticEditorFlags: 0
  m_IsActive: 1
--- !u!4 &4680290468002664286
Transform:
  m_ObjectHideFlags: 0
  m_CorrespondingSourceObject: {fileID: 0}
  m_PrefabInstance: {fileID: 0}
  m_PrefabAsset: {fileID: 0}
  m_GameObject: {fileID: 4680290468002664287}
  m_LocalRotation: {x: 0, y: 0, z: 0, w: 1}
  m_LocalPosition: {x: 0, y: 0, z: 0}
  m_LocalScale: {x: 1, y: 1, z: 1}
  m_Children:
  - {fileID: 4680290468294092920}
  m_Father: {fileID: 4680290468625869549}
  m_RootOrder: 1
  m_LocalEulerAnglesHint: {x: 0, y: 0, z: 0}
--- !u!1 &4680290468625869550
GameObject:
  m_ObjectHideFlags: 0
  m_CorrespondingSourceObject: {fileID: 0}
  m_PrefabInstance: {fileID: 0}
  m_PrefabAsset: {fileID: 0}
  serializedVersion: 6
  m_Component:
  - component: {fileID: 4680290468625869549}
  - component: {fileID: 4680290468625869548}
  - component: {fileID: 4680290468625869546}
  - component: {fileID: 4680290468625869547}
  m_Layer: 0
  m_Name: Crystal Mine
  m_TagString: Crystal Mine
  m_Icon: {fileID: 0}
  m_NavMeshLayer: 0
  m_StaticEditorFlags: 0
  m_IsActive: 1
--- !u!4 &4680290468625869549
Transform:
  m_ObjectHideFlags: 0
  m_CorrespondingSourceObject: {fileID: 0}
  m_PrefabInstance: {fileID: 0}
  m_PrefabAsset: {fileID: 0}
  m_GameObject: {fileID: 4680290468625869550}
  m_LocalRotation: {x: 0, y: 0, z: 0, w: 1}
  m_LocalPosition: {x: 0, y: 2.596, z: 0}
  m_LocalScale: {x: 1, y: 1, z: 1}
  m_Children:
  - {fileID: 4680290469104086364}
  - {fileID: 4680290468002664286}
  m_Father: {fileID: 0}
  m_RootOrder: 0
  m_LocalEulerAnglesHint: {x: 0, y: 0, z: 0}
--- !u!114 &4680290468625869548
MonoBehaviour:
  m_ObjectHideFlags: 0
  m_CorrespondingSourceObject: {fileID: 0}
  m_PrefabInstance: {fileID: 0}
  m_PrefabAsset: {fileID: 0}
  m_GameObject: {fileID: 4680290468625869550}
  m_Enabled: 1
  m_EditorHideFlags: 0
  m_Script: {fileID: 11500000, guid: c38b70d7e437ca944a195c0d40539069, type: 3}
  m_Name: 
  m_EditorClassIdentifier: 
  crystalCapacity: 10
  harvestDelay: 0.5
--- !u!54 &4680290468625869546
Rigidbody:
  m_ObjectHideFlags: 0
  m_CorrespondingSourceObject: {fileID: 0}
  m_PrefabInstance: {fileID: 0}
  m_PrefabAsset: {fileID: 0}
  m_GameObject: {fileID: 4680290468625869550}
  serializedVersion: 2
  m_Mass: 1
  m_Drag: 0
  m_AngularDrag: 0.05
  m_UseGravity: 0
  m_IsKinematic: 1
  m_Interpolate: 0
  m_Constraints: 126
  m_CollisionDetection: 0
--- !u!65 &4680290468625869547
BoxCollider:
  m_ObjectHideFlags: 0
  m_CorrespondingSourceObject: {fileID: 0}
  m_PrefabInstance: {fileID: 0}
  m_PrefabAsset: {fileID: 0}
  m_GameObject: {fileID: 4680290468625869550}
  m_Material: {fileID: 0}
  m_IsTrigger: 0
  m_Enabled: 1
  serializedVersion: 2
  m_Size: {x: 3.6022043, y: 3.36714, z: 1.9339253}
  m_Center: {x: -0.39569807, y: 1.7738961, z: 0.40946513}
--- !u!1 &4680290469104086365
GameObject:
  m_ObjectHideFlags: 0
  m_CorrespondingSourceObject: {fileID: 0}
  m_PrefabInstance: {fileID: 0}
  m_PrefabAsset: {fileID: 0}
  serializedVersion: 6
  m_Component:
  - component: {fileID: 4680290469104086364}
  m_Layer: 0
  m_Name: Graphics
  m_TagString: Untagged
  m_Icon: {fileID: 0}
  m_NavMeshLayer: 0
  m_StaticEditorFlags: 0
  m_IsActive: 1
--- !u!4 &4680290469104086364
Transform:
  m_ObjectHideFlags: 0
  m_CorrespondingSourceObject: {fileID: 0}
  m_PrefabInstance: {fileID: 0}
  m_PrefabAsset: {fileID: 0}
  m_GameObject: {fileID: 4680290469104086365}
  m_LocalRotation: {x: 0, y: 0, z: 0, w: 1}
  m_LocalPosition: {x: 0, y: 0, z: 0}
  m_LocalScale: {x: 2, y: 2, z: 2}
  m_Children:
  - {fileID: 5150149983047704497}
  m_Father: {fileID: 4680290468625869549}
  m_RootOrder: 0
  m_LocalEulerAnglesHint: {x: 0, y: 0, z: 0}
--- !u!1001 &4680290467503913050
PrefabInstance:
  m_ObjectHideFlags: 0
  serializedVersion: 2
  m_Modification:
    m_TransformParent: {fileID: 4680290469104086364}
    m_Modifications:
    - target: {fileID: -8679921383154817045, guid: 493972742ee8dc54b982ae28bd667c29,
        type: 3}
      propertyPath: m_RootOrder
      value: 0
      objectReference: {fileID: 0}
    - target: {fileID: -8679921383154817045, guid: 493972742ee8dc54b982ae28bd667c29,
        type: 3}
      propertyPath: m_LocalPosition.x
      value: -1.1131251
      objectReference: {fileID: 0}
    - target: {fileID: -8679921383154817045, guid: 493972742ee8dc54b982ae28bd667c29,
        type: 3}
      propertyPath: m_LocalPosition.y
      value: 4.693882
      objectReference: {fileID: 0}
    - target: {fileID: -8679921383154817045, guid: 493972742ee8dc54b982ae28bd667c29,
        type: 3}
      propertyPath: m_LocalPosition.z
      value: 1.0665352
      objectReference: {fileID: 0}
    - target: {fileID: -8679921383154817045, guid: 493972742ee8dc54b982ae28bd667c29,
        type: 3}
      propertyPath: m_LocalRotation.w
      value: 1
      objectReference: {fileID: 0}
    - target: {fileID: -8679921383154817045, guid: 493972742ee8dc54b982ae28bd667c29,
        type: 3}
      propertyPath: m_LocalRotation.x
      value: 0
      objectReference: {fileID: 0}
    - target: {fileID: -8679921383154817045, guid: 493972742ee8dc54b982ae28bd667c29,
        type: 3}
      propertyPath: m_LocalRotation.y
      value: -0
      objectReference: {fileID: 0}
    - target: {fileID: -8679921383154817045, guid: 493972742ee8dc54b982ae28bd667c29,
        type: 3}
      propertyPath: m_LocalRotation.z
      value: -0
      objectReference: {fileID: 0}
    - target: {fileID: -8679921383154817045, guid: 493972742ee8dc54b982ae28bd667c29,
        type: 3}
      propertyPath: m_LocalEulerAnglesHint.x
      value: 0
      objectReference: {fileID: 0}
    - target: {fileID: -8679921383154817045, guid: 493972742ee8dc54b982ae28bd667c29,
        type: 3}
      propertyPath: m_LocalEulerAnglesHint.y
      value: 0
      objectReference: {fileID: 0}
    - target: {fileID: -8679921383154817045, guid: 493972742ee8dc54b982ae28bd667c29,
        type: 3}
      propertyPath: m_LocalEulerAnglesHint.z
      value: 0
      objectReference: {fileID: 0}
    - target: {fileID: -5602728361769013696, guid: 493972742ee8dc54b982ae28bd667c29,
        type: 3}
      propertyPath: m_CastShadows
      value: 0
      objectReference: {fileID: 0}
    - target: {fileID: 919132149155446097, guid: 493972742ee8dc54b982ae28bd667c29,
        type: 3}
      propertyPath: m_Name
      value: Crystal
      objectReference: {fileID: 0}
    m_RemovedComponents: []
  m_SourcePrefab: {fileID: 100100000, guid: 493972742ee8dc54b982ae28bd667c29, type: 3}
--- !u!4 &5150149983047704497 stripped
Transform:
  m_CorrespondingSourceObject: {fileID: -8679921383154817045, guid: 493972742ee8dc54b982ae28bd667c29,
    type: 3}
  m_PrefabInstance: {fileID: 4680290467503913050}
  m_PrefabAsset: {fileID: 0}
--- !u!1001 &4680290468294439912
PrefabInstance:
  m_ObjectHideFlags: 0
  serializedVersion: 2
  m_Modification:
    m_TransformParent: {fileID: 4680290468002664286}
    m_Modifications:
    - target: {fileID: 115658, guid: 4b3501afc9b1e564497adddaf2a1f90b, type: 3}
      propertyPath: m_Name
      value: BlueGlow
      objectReference: {fileID: 0}
    - target: {fileID: 449424, guid: 4b3501afc9b1e564497adddaf2a1f90b, type: 3}
      propertyPath: m_RootOrder
      value: 0
      objectReference: {fileID: 0}
    - target: {fileID: 449424, guid: 4b3501afc9b1e564497adddaf2a1f90b, type: 3}
      propertyPath: m_LocalPosition.x
      value: 0
      objectReference: {fileID: 0}
    - target: {fileID: 449424, guid: 4b3501afc9b1e564497adddaf2a1f90b, type: 3}
      propertyPath: m_LocalPosition.y
      value: 0
      objectReference: {fileID: 0}
    - target: {fileID: 449424, guid: 4b3501afc9b1e564497adddaf2a1f90b, type: 3}
      propertyPath: m_LocalPosition.z
      value: 0.352
      objectReference: {fileID: 0}
    - target: {fileID: 449424, guid: 4b3501afc9b1e564497adddaf2a1f90b, type: 3}
      propertyPath: m_LocalRotation.w
      value: 0.7071068
      objectReference: {fileID: 0}
    - target: {fileID: 449424, guid: 4b3501afc9b1e564497adddaf2a1f90b, type: 3}
      propertyPath: m_LocalRotation.x
      value: -0.7071068
      objectReference: {fileID: 0}
    - target: {fileID: 449424, guid: 4b3501afc9b1e564497adddaf2a1f90b, type: 3}
      propertyPath: m_LocalRotation.y
      value: 0
      objectReference: {fileID: 0}
    - target: {fileID: 449424, guid: 4b3501afc9b1e564497adddaf2a1f90b, type: 3}
      propertyPath: m_LocalRotation.z
      value: 0
      objectReference: {fileID: 0}
    - target: {fileID: 449424, guid: 4b3501afc9b1e564497adddaf2a1f90b, type: 3}
      propertyPath: m_LocalEulerAnglesHint.x
      value: 0
      objectReference: {fileID: 0}
    - target: {fileID: 449424, guid: 4b3501afc9b1e564497adddaf2a1f90b, type: 3}
      propertyPath: m_LocalEulerAnglesHint.y
      value: 0
      objectReference: {fileID: 0}
    - target: {fileID: 449424, guid: 4b3501afc9b1e564497adddaf2a1f90b, type: 3}
      propertyPath: m_LocalEulerAnglesHint.z
      value: 0
      objectReference: {fileID: 0}
    - target: {fileID: 19889812, guid: 4b3501afc9b1e564497adddaf2a1f90b, type: 3}
      propertyPath: lengthInSec
      value: 4
      objectReference: {fileID: 0}
    - target: {fileID: 19889812, guid: 4b3501afc9b1e564497adddaf2a1f90b, type: 3}
      propertyPath: useRigidbodyForVelocity
      value: 0
      objectReference: {fileID: 0}
    - target: {fileID: 19889812, guid: 4b3501afc9b1e564497adddaf2a1f90b, type: 3}
      propertyPath: ShapeModule.m_Position.x
      value: -0.35
      objectReference: {fileID: 0}
    - target: {fileID: 19889812, guid: 4b3501afc9b1e564497adddaf2a1f90b, type: 3}
      propertyPath: ShapeModule.radius.value
      value: 1
      objectReference: {fileID: 0}
    - target: {fileID: 19889812, guid: 4b3501afc9b1e564497adddaf2a1f90b, type: 3}
      propertyPath: InitialModule.maxNumParticles
      value: 50
      objectReference: {fileID: 0}
    - target: {fileID: 19889812, guid: 4b3501afc9b1e564497adddaf2a1f90b, type: 3}
      propertyPath: InitialModule.startSize.scalar
      value: 2
      objectReference: {fileID: 0}
    - target: {fileID: 19889812, guid: 4b3501afc9b1e564497adddaf2a1f90b, type: 3}
      propertyPath: InitialModule.startSpeed.scalar
      value: 1
      objectReference: {fileID: 0}
    - target: {fileID: 19889812, guid: 4b3501afc9b1e564497adddaf2a1f90b, type: 3}
      propertyPath: InitialModule.startSize.minScalar
      value: 1
      objectReference: {fileID: 0}
    - target: {fileID: 19889812, guid: 4b3501afc9b1e564497adddaf2a1f90b, type: 3}
      propertyPath: EmissionModule.rateOverTime.scalar
      value: 10
      objectReference: {fileID: 0}
    - target: {fileID: 19889812, guid: 4b3501afc9b1e564497adddaf2a1f90b, type: 3}
      propertyPath: ColorModule.gradient.maxGradient.atime1
      value: 30647
      objectReference: {fileID: 0}
    - target: {fileID: 19889812, guid: 4b3501afc9b1e564497adddaf2a1f90b, type: 3}
      propertyPath: ColorModule.gradient.maxGradient.atime2
      value: 65535
      objectReference: {fileID: 0}
    - target: {fileID: 19889812, guid: 4b3501afc9b1e564497adddaf2a1f90b, type: 3}
      propertyPath: ColorModule.gradient.maxGradient.key0.a
      value: 0
      objectReference: {fileID: 0}
    - target: {fileID: 19889812, guid: 4b3501afc9b1e564497adddaf2a1f90b, type: 3}
      propertyPath: ColorModule.gradient.maxGradient.key1.a
      value: 0.80784315
      objectReference: {fileID: 0}
    - target: {fileID: 19889812, guid: 4b3501afc9b1e564497adddaf2a1f90b, type: 3}
      propertyPath: ColorModule.gradient.maxGradient.key2.a
      value: 0.19607843
      objectReference: {fileID: 0}
    - target: {fileID: 19889812, guid: 4b3501afc9b1e564497adddaf2a1f90b, type: 3}
      propertyPath: ColorModule.gradient.maxGradient.m_NumAlphaKeys
      value: 3
      objectReference: {fileID: 0}
    - target: {fileID: 19946638, guid: 4b3501afc9b1e564497adddaf2a1f90b, type: 3}
      propertyPath: m_Materials.Array.size
      value: 1
      objectReference: {fileID: 0}
    m_RemovedComponents: []
  m_SourcePrefab: {fileID: 100100000, guid: 4b3501afc9b1e564497adddaf2a1f90b, type: 3}
--- !u!4 &4680290468294092920 stripped
Transform:
  m_CorrespondingSourceObject: {fileID: 449424, guid: 4b3501afc9b1e564497adddaf2a1f90b,
    type: 3}
  m_PrefabInstance: {fileID: 4680290468294439912}
  m_PrefabAsset: {fileID: 0}
