%YAML 1.1
%TAG !u! tag:unity3d.com,2011:
--- !u!1 &394837022111860846
GameObject:
  m_ObjectHideFlags: 0
  m_CorrespondingSourceObject: {fileID: 0}
  m_PrefabInstance: {fileID: 0}
  m_PrefabAsset: {fileID: 0}
  serializedVersion: 6
  m_Component:
  - component: {fileID: 5454511325578362729}
  - component: {fileID: 394837022111860843}
  - component: {fileID: 394837022111860840}
  - component: {fileID: 394837022111860841}
  m_Layer: 0
  m_Name: States
  m_TagString: Untagged
  m_Icon: {fileID: 0}
  m_NavMeshLayer: 0
  m_StaticEditorFlags: 0
  m_IsActive: 1
--- !u!4 &5454511325578362729
Transform:
  m_ObjectHideFlags: 0
  m_CorrespondingSourceObject: {fileID: 0}
  m_PrefabInstance: {fileID: 0}
  m_PrefabAsset: {fileID: 0}
  m_GameObject: {fileID: 394837022111860846}
  m_LocalRotation: {x: 0, y: 0, z: 0, w: 1}
  m_LocalPosition: {x: 0, y: 0, z: 0}
  m_LocalScale: {x: 1, y: 1, z: 1}
  m_Children: []
  m_Father: {fileID: 3938630212722684443}
  m_RootOrder: 1
  m_LocalEulerAnglesHint: {x: 0, y: 0, z: 0}
--- !u!114 &394837022111860843
MonoBehaviour:
  m_ObjectHideFlags: 0
  m_CorrespondingSourceObject: {fileID: 0}
  m_PrefabInstance: {fileID: 0}
  m_PrefabAsset: {fileID: 0}
  m_GameObject: {fileID: 394837022111860846}
  m_Enabled: 1
  m_EditorHideFlags: 0
  m_Script: {fileID: 11500000, guid: fc5775dad50a6844d8ab814f0aef0111, type: 3}
  m_Name: 
  m_EditorClassIdentifier: 
  isOverrideAnimator: 0
  runtimeAnimatorController: {fileID: 0}
  intervalChecking: 1
--- !u!114 &394837022111860840
MonoBehaviour:
  m_ObjectHideFlags: 0
  m_CorrespondingSourceObject: {fileID: 0}
  m_PrefabInstance: {fileID: 0}
  m_PrefabAsset: {fileID: 0}
  m_GameObject: {fileID: 394837022111860846}
  m_Enabled: 1
  m_EditorHideFlags: 0
  m_Script: {fileID: 11500000, guid: 12ac251f60d33014e9936dcbb9ce0fd6, type: 3}
  m_Name: 
  m_EditorClassIdentifier: 
  isOverrideAnimator: 0
  runtimeAnimatorController: {fileID: 0}
  speed: 75
--- !u!114 &394837022111860841
MonoBehaviour:
  m_ObjectHideFlags: 0
  m_CorrespondingSourceObject: {fileID: 0}
  m_PrefabInstance: {fileID: 0}
  m_PrefabAsset: {fileID: 0}
  m_GameObject: {fileID: 394837022111860846}
  m_Enabled: 1
  m_EditorHideFlags: 0
  m_Script: {fileID: 11500000, guid: 8db251608ca810742910bbc5a2709fc2, type: 3}
  m_Name: 
  m_EditorClassIdentifier: 
  isOverrideAnimator: 0
  runtimeAnimatorController: {fileID: 0}
  firingRate: 0.75
--- !u!1 &645783373953855497
GameObject:
  m_ObjectHideFlags: 0
  m_CorrespondingSourceObject: {fileID: 0}
  m_PrefabInstance: {fileID: 0}
  m_PrefabAsset: {fileID: 0}
  serializedVersion: 6
  m_Component:
  - component: {fileID: 9110797952590961287}
  - component: {fileID: 1010664810893242312}
  m_Layer: 0
  m_Name: SteeringRig
  m_TagString: Untagged
  m_Icon: {fileID: 0}
  m_NavMeshLayer: 0
  m_StaticEditorFlags: 0
  m_IsActive: 1
--- !u!4 &9110797952590961287
Transform:
  m_ObjectHideFlags: 0
  m_CorrespondingSourceObject: {fileID: 0}
  m_PrefabInstance: {fileID: 0}
  m_PrefabAsset: {fileID: 0}
  m_GameObject: {fileID: 645783373953855497}
  m_LocalRotation: {x: 0, y: 0, z: 0, w: 1}
  m_LocalPosition: {x: 0, y: 1, z: 0}
  m_LocalScale: {x: 1, y: 1, z: 1}
  m_Children:
  - {fileID: 6999264674360476196}
  - {fileID: 903180312663509757}
  - {fileID: 1302568667188542825}
  - {fileID: 3356991097261556508}
  - {fileID: 6918267240237529606}
  - {fileID: 396031904358992482}
  - {fileID: 5562246755944228025}
  m_Father: {fileID: 3938630212722684443}
  m_RootOrder: 3
  m_LocalEulerAnglesHint: {x: 0, y: 0, z: 0}
--- !u!114 &1010664810893242312
MonoBehaviour:
  m_ObjectHideFlags: 0
  m_CorrespondingSourceObject: {fileID: 0}
  m_PrefabInstance: {fileID: 0}
  m_PrefabAsset: {fileID: 0}
  m_GameObject: {fileID: 645783373953855497}
  m_Enabled: 1
  m_EditorHideFlags: 0
  m_Script: {fileID: 11500000, guid: 48f06a95d64c48a49a34d5537a70060c, type: 3}
  m_Name: 
  m_EditorClassIdentifier: 
  IgnoreList: []
  AvoidanceSensitivity: 1
  MaxAvoidanceLength: 1.5
  YAxis: 0
  RotateTowardsTarget: 1
  RB: {fileID: 0}
  TurnForce: 0
  MoveForce: 0
  StrafeForce: 0
  TurnSpeed: 0
  MoveSpeed: 0
  StrafeSpeed: 0
  StoppingDistance: 0.5
  DestinationTransform: {fileID: 0}
  FaceTowardsTransform: {fileID: 0}
--- !u!1 &1276810071421342733
GameObject:
  m_ObjectHideFlags: 0
  m_CorrespondingSourceObject: {fileID: 0}
  m_PrefabInstance: {fileID: 0}
  m_PrefabAsset: {fileID: 0}
  serializedVersion: 6
  m_Component:
  - component: {fileID: 2795899403056756909}
  m_Layer: 0
  m_Name: Shooting Point
  m_TagString: Untagged
  m_Icon: {fileID: 2488908585195742037, guid: 0000000000000000d000000000000000, type: 0}
  m_NavMeshLayer: 0
  m_StaticEditorFlags: 0
  m_IsActive: 1
--- !u!4 &2795899403056756909
Transform:
  m_ObjectHideFlags: 0
  m_CorrespondingSourceObject: {fileID: 0}
  m_PrefabInstance: {fileID: 0}
  m_PrefabAsset: {fileID: 0}
  m_GameObject: {fileID: 1276810071421342733}
  m_LocalRotation: {x: -0, y: -0, z: -0, w: 1}
  m_LocalPosition: {x: 0, y: 1.504, z: 0.708}
  m_LocalScale: {x: 1, y: 1, z: 1}
  m_Children: []
  m_Father: {fileID: 3938630212722684443}
  m_RootOrder: 5
  m_LocalEulerAnglesHint: {x: 0, y: 0, z: 0}
--- !u!1 &2264751483392013499
GameObject:
  m_ObjectHideFlags: 0
  m_CorrespondingSourceObject: {fileID: 0}
  m_PrefabInstance: {fileID: 0}
  m_PrefabAsset: {fileID: 0}
  serializedVersion: 6
  m_Component:
  - component: {fileID: 2264751483391799933}
  - component: {fileID: 2264751483401668903}
  - component: {fileID: 2264751483403796043}
  m_Layer: 2
  m_Name: InteractionRange
  m_TagString: Untagged
  m_Icon: {fileID: 0}
  m_NavMeshLayer: 0
  m_StaticEditorFlags: 0
  m_IsActive: 1
--- !u!4 &2264751483391799933
Transform:
  m_ObjectHideFlags: 0
  m_CorrespondingSourceObject: {fileID: 0}
  m_PrefabInstance: {fileID: 0}
  m_PrefabAsset: {fileID: 0}
  m_GameObject: {fileID: 2264751483392013499}
  m_LocalRotation: {x: -0, y: -0, z: -0, w: 1}
  m_LocalPosition: {x: 0, y: 1.036, z: 0}
  m_LocalScale: {x: 1, y: 1, z: 1}
  m_Children: []
  m_Father: {fileID: 3938630212722684443}
  m_RootOrder: 4
  m_LocalEulerAnglesHint: {x: 0, y: 0, z: 0}
--- !u!114 &2264751483401668903
MonoBehaviour:
  m_ObjectHideFlags: 0
  m_CorrespondingSourceObject: {fileID: 0}
  m_PrefabInstance: {fileID: 0}
  m_PrefabAsset: {fileID: 0}
  m_GameObject: {fileID: 2264751483392013499}
  m_Enabled: 1
  m_EditorHideFlags: 0
  m_Script: {fileID: 11500000, guid: e841c6eddfb006049bd02ce632bb1417, type: 3}
  m_Name: 
  m_EditorClassIdentifier: 
  IgnoreList: []
  EnableTagFilter: 0
  AllowedTags: []
  OnDetected:
    m_PersistentCalls:
      m_Calls: []
  OnLostDetection:
    m_PersistentCalls:
      m_Calls: []
  DetectionMode: 1
  RequiresLineOfSight: 0
  BlocksLineOfSight:
    serializedVersion: 2
    m_Bits: 0
  TestLOSTargetsOnly: 0
  NumberOfRays: 1
  MinimumVisibility: 0.5
  LineOfSightUpdateMode: 0
  CheckLineOfSightInterval: 1
--- !u!135 &2264751483403796043
SphereCollider:
  m_ObjectHideFlags: 0
  m_CorrespondingSourceObject: {fileID: 0}
  m_PrefabInstance: {fileID: 0}
  m_PrefabAsset: {fileID: 0}
  m_GameObject: {fileID: 2264751483392013499}
  m_Material: {fileID: 0}
  m_IsTrigger: 1
  m_Enabled: 1
  serializedVersion: 2
  m_Radius: 1.02
  m_Center: {x: 0, y: 0, z: 0}
--- !u!1 &2934561160592311830
GameObject:
  m_ObjectHideFlags: 0
  m_CorrespondingSourceObject: {fileID: 0}
  m_PrefabInstance: {fileID: 0}
  m_PrefabAsset: {fileID: 0}
  serializedVersion: 6
  m_Component:
  - component: {fileID: 6999264674360476196}
  - component: {fileID: 635814522773916627}
  m_Layer: 0
  m_Name: Ray_1
  m_TagString: Untagged
  m_Icon: {fileID: 0}
  m_NavMeshLayer: 0
  m_StaticEditorFlags: 0
  m_IsActive: 1
--- !u!4 &6999264674360476196
Transform:
  m_ObjectHideFlags: 0
  m_CorrespondingSourceObject: {fileID: 0}
  m_PrefabInstance: {fileID: 0}
  m_PrefabAsset: {fileID: 0}
  m_GameObject: {fileID: 2934561160592311830}
  m_LocalRotation: {x: -0, y: -0, z: -0, w: 1}
  m_LocalPosition: {x: 0, y: 0, z: 0}
  m_LocalScale: {x: 1, y: 1, z: 1}
  m_Children: []
  m_Father: {fileID: 9110797952590961287}
  m_RootOrder: 0
  m_LocalEulerAnglesHint: {x: 0, y: 0, z: 0}
--- !u!114 &635814522773916627
MonoBehaviour:
  m_ObjectHideFlags: 0
  m_CorrespondingSourceObject: {fileID: 0}
  m_PrefabInstance: {fileID: 0}
  m_PrefabAsset: {fileID: 0}
  m_GameObject: {fileID: 2934561160592311830}
  m_Enabled: 1
  m_EditorHideFlags: 0
  m_Script: {fileID: 11500000, guid: 4eef69e252fee6848bdd23e5429abac6, type: 3}
  m_Name: 
  m_EditorClassIdentifier: 
  IgnoreList: []
  EnableTagFilter: 0
  AllowedTags: []
  OnDetected:
    m_PersistentCalls:
      m_Calls: []
  OnLostDetection:
    m_PersistentCalls:
      m_Calls: []
  Length: 3
  Radius: 0
  ObstructedByLayers:
    serializedVersion: 2
    m_Bits: 1
  DetectsOnLayers:
    serializedVersion: 2
    m_Bits: 256
  DetectionMode: 0
  Direction: {x: 0, y: 0, z: 1}
  WorldSpace: 0
  SensorUpdateMode: 1
  InitialBufferSize: 20
  DynamicallyIncreaseBufferSize: 1
  OnObstruction:
    m_PersistentCalls:
      m_Calls: []
  OnClear:
    m_PersistentCalls:
      m_Calls: []
--- !u!1 &3762029475400308131
GameObject:
  m_ObjectHideFlags: 0
  m_CorrespondingSourceObject: {fileID: 0}
  m_PrefabInstance: {fileID: 0}
  m_PrefabAsset: {fileID: 0}
  serializedVersion: 6
  m_Component:
  - component: {fileID: 6099476275242434367}
  - component: {fileID: 7434607884585737130}
  - component: {fileID: 5428189805011990723}
  m_Layer: 0
  m_Name: Sight
  m_TagString: Untagged
  m_Icon: {fileID: 0}
  m_NavMeshLayer: 0
  m_StaticEditorFlags: 0
  m_IsActive: 1
--- !u!4 &6099476275242434367
Transform:
  m_ObjectHideFlags: 0
  m_CorrespondingSourceObject: {fileID: 0}
  m_PrefabInstance: {fileID: 0}
  m_PrefabAsset: {fileID: 0}
  m_GameObject: {fileID: 3762029475400308131}
  m_LocalRotation: {x: 0, y: 0, z: 0, w: 1}
  m_LocalPosition: {x: 0, y: 1, z: 0}
  m_LocalScale: {x: 1, y: 1, z: 1}
  m_Children: []
  m_Father: {fileID: 3938630212722684443}
  m_RootOrder: 2
  m_LocalEulerAnglesHint: {x: 0, y: 0, z: 0}
--- !u!135 &7434607884585737130
SphereCollider:
  m_ObjectHideFlags: 0
  m_CorrespondingSourceObject: {fileID: 0}
  m_PrefabInstance: {fileID: 0}
  m_PrefabAsset: {fileID: 0}
  m_GameObject: {fileID: 3762029475400308131}
  m_Material: {fileID: 0}
  m_IsTrigger: 1
  m_Enabled: 1
  serializedVersion: 2
  m_Radius: 20
  m_Center: {x: 0, y: 0, z: 0}
--- !u!114 &5428189805011990723
MonoBehaviour:
  m_ObjectHideFlags: 0
  m_CorrespondingSourceObject: {fileID: 0}
  m_PrefabInstance: {fileID: 0}
  m_PrefabAsset: {fileID: 0}
  m_GameObject: {fileID: 3762029475400308131}
  m_Enabled: 1
  m_EditorHideFlags: 0
  m_Script: {fileID: 11500000, guid: e841c6eddfb006049bd02ce632bb1417, type: 3}
  m_Name: 
  m_EditorClassIdentifier: 
  IgnoreList:
  - {fileID: 3938630212722684452}
  EnableTagFilter: 1
  AllowedTags:
  - NPC
  - Building
  OnDetected:
    m_PersistentCalls:
      m_Calls: []
  OnLostDetection:
    m_PersistentCalls:
      m_Calls: []
  DetectionMode: 1
  RequiresLineOfSight: 0
  BlocksLineOfSight:
    serializedVersion: 2
    m_Bits: 0
  TestLOSTargetsOnly: 0
  NumberOfRays: 1
  MinimumVisibility: 0.5
  LineOfSightUpdateMode: 0
  CheckLineOfSightInterval: 1
--- !u!1 &3860164924793084063
GameObject:
  m_ObjectHideFlags: 0
  m_CorrespondingSourceObject: {fileID: 0}
  m_PrefabInstance: {fileID: 0}
  m_PrefabAsset: {fileID: 0}
  serializedVersion: 6
  m_Component:
  - component: {fileID: 5562246755944228025}
  - component: {fileID: 3302913996767660827}
  m_Layer: 0
  m_Name: Ray 7_1
  m_TagString: Untagged
  m_Icon: {fileID: 0}
  m_NavMeshLayer: 0
  m_StaticEditorFlags: 0
  m_IsActive: 1
--- !u!4 &5562246755944228025
Transform:
  m_ObjectHideFlags: 0
  m_CorrespondingSourceObject: {fileID: 0}
  m_PrefabInstance: {fileID: 0}
  m_PrefabAsset: {fileID: 0}
  m_GameObject: {fileID: 3860164924793084063}
  m_LocalRotation: {x: -0, y: -0.7071068, z: -0, w: 0.7071067}
  m_LocalPosition: {x: 0, y: 0, z: 0}
  m_LocalScale: {x: 1, y: 1, z: 1}
  m_Children: []
  m_Father: {fileID: 9110797952590961287}
  m_RootOrder: 6
  m_LocalEulerAnglesHint: {x: 0, y: 0, z: 0}
--- !u!114 &3302913996767660827
MonoBehaviour:
  m_ObjectHideFlags: 0
  m_CorrespondingSourceObject: {fileID: 0}
  m_PrefabInstance: {fileID: 0}
  m_PrefabAsset: {fileID: 0}
  m_GameObject: {fileID: 3860164924793084063}
  m_Enabled: 1
  m_EditorHideFlags: 0
  m_Script: {fileID: 11500000, guid: 4eef69e252fee6848bdd23e5429abac6, type: 3}
  m_Name: 
  m_EditorClassIdentifier: 
  IgnoreList: []
  EnableTagFilter: 0
  AllowedTags: []
  OnDetected:
    m_PersistentCalls:
      m_Calls: []
  OnLostDetection:
    m_PersistentCalls:
      m_Calls: []
  Length: 3
  Radius: 0
  ObstructedByLayers:
    serializedVersion: 2
    m_Bits: 1
  DetectsOnLayers:
    serializedVersion: 2
    m_Bits: 256
  DetectionMode: 0
  Direction: {x: 0, y: 0, z: 1}
  WorldSpace: 0
  SensorUpdateMode: 1
  InitialBufferSize: 20
  DynamicallyIncreaseBufferSize: 1
  OnObstruction:
    m_PersistentCalls:
      m_Calls: []
  OnClear:
    m_PersistentCalls:
      m_Calls: []
--- !u!1 &3938630212722684452
GameObject:
  m_ObjectHideFlags: 0
  m_CorrespondingSourceObject: {fileID: 0}
  m_PrefabInstance: {fileID: 0}
  m_PrefabAsset: {fileID: 0}
  serializedVersion: 6
  m_Component:
  - component: {fileID: 3938630212722684443}
  - component: {fileID: 3938630212722684441}
  - component: {fileID: 3938630212722684442}
  - component: {fileID: 3938630212722684455}
  - component: {fileID: 3938630212722684454}
  - component: {fileID: 3938630212722684449}
  m_Layer: 8
  m_Name: Troop Enemy
  m_TagString: NPC
  m_Icon: {fileID: 0}
  m_NavMeshLayer: 0
  m_StaticEditorFlags: 0
  m_IsActive: 1
--- !u!4 &3938630212722684443
Transform:
  m_ObjectHideFlags: 0
  m_CorrespondingSourceObject: {fileID: 0}
  m_PrefabInstance: {fileID: 0}
  m_PrefabAsset: {fileID: 0}
  m_GameObject: {fileID: 3938630212722684452}
  m_LocalRotation: {x: 0, y: 0, z: 0, w: 1}
  m_LocalPosition: {x: 15.78, y: 0, z: 5.64}
  m_LocalScale: {x: 1, y: 1, z: 1}
  m_Children:
  - {fileID: 3938630213235298805}
  - {fileID: 5454511325578362729}
  - {fileID: 6099476275242434367}
  - {fileID: 9110797952590961287}
  - {fileID: 2264751483391799933}
  - {fileID: 2795899403056756909}
  m_Father: {fileID: 0}
  m_RootOrder: 0
  m_LocalEulerAnglesHint: {x: 0, y: 0, z: 0}
--- !u!54 &3938630212722684441
Rigidbody:
  m_ObjectHideFlags: 0
  m_CorrespondingSourceObject: {fileID: 0}
  m_PrefabInstance: {fileID: 0}
  m_PrefabAsset: {fileID: 0}
  m_GameObject: {fileID: 3938630212722684452}
  serializedVersion: 2
  m_Mass: 1
  m_Drag: 0.1
  m_AngularDrag: 0.05
  m_UseGravity: 1
  m_IsKinematic: 0
  m_Interpolate: 0
  m_Constraints: 80
  m_CollisionDetection: 0
--- !u!136 &3938630212722684442
CapsuleCollider:
  m_ObjectHideFlags: 0
  m_CorrespondingSourceObject: {fileID: 0}
  m_PrefabInstance: {fileID: 0}
  m_PrefabAsset: {fileID: 0}
  m_GameObject: {fileID: 3938630212722684452}
  m_Material: {fileID: 0}
  m_IsTrigger: 0
  m_Enabled: 1
  m_Radius: 0.5
  m_Height: 2
  m_Direction: 1
  m_Center: {x: 0, y: 1, z: 0}
--- !u!114 &3938630212722684455
MonoBehaviour:
  m_ObjectHideFlags: 0
  m_CorrespondingSourceObject: {fileID: 0}
  m_PrefabInstance: {fileID: 0}
  m_PrefabAsset: {fileID: 0}
  m_GameObject: {fileID: 3938630212722684452}
  m_Enabled: 1
  m_EditorHideFlags: 0
  m_Script: {fileID: 11500000, guid: ed0d28e213aeca2458c4041b6c3b1e27, type: 3}
  m_Name: 
  m_EditorClassIdentifier: 
  npcType: 1
  stateParam:
    attackRange: 10
  shootingPoint: {fileID: 2795899403056756909}
  defaultProperty: {fileID: 11400000, guid: 267199497de1e9a40bf35438bf001129, type: 2}
--- !u!114 &3938630212722684454
MonoBehaviour:
  m_ObjectHideFlags: 0
  m_CorrespondingSourceObject: {fileID: 0}
  m_PrefabInstance: {fileID: 0}
  m_PrefabAsset: {fileID: 0}
  m_GameObject: {fileID: 3938630212722684452}
  m_Enabled: 1
  m_EditorHideFlags: 0
  m_Script: {fileID: 11500000, guid: cf5d0953cddd68c438c367e825cc670d, type: 3}
  m_Name: 
  m_EditorClassIdentifier: 
  sight: {fileID: 5428189805011990723}
  steerSensor: {fileID: 1010664810893242312}
  interactionRange: {fileID: 2264751483401668903}
--- !u!114 &3938630212722684449
MonoBehaviour:
  m_ObjectHideFlags: 0
  m_CorrespondingSourceObject: {fileID: 0}
  m_PrefabInstance: {fileID: 0}
  m_PrefabAsset: {fileID: 0}
  m_GameObject: {fileID: 3938630212722684452}
  m_Enabled: 1
  m_EditorHideFlags: 0
  m_Script: {fileID: 11500000, guid: f6c87919ac4ed3b4b9c67a863996f0a8, type: 3}
  m_Name: 
  m_EditorClassIdentifier: 
  animator: {fileID: 0}
  currentState: {fileID: 394837022111860843}
  movementReferenceParam:
    movementReferenceMode: 0
    external: {fileID: 0}
--- !u!1 &3938630213235298806
GameObject:
  m_ObjectHideFlags: 0
  m_CorrespondingSourceObject: {fileID: 0}
  m_PrefabInstance: {fileID: 0}
  m_PrefabAsset: {fileID: 0}
  serializedVersion: 6
  m_Component:
  - component: {fileID: 3938630213235298805}
  m_Layer: 0
  m_Name: Graphics
  m_TagString: Untagged
  m_Icon: {fileID: 0}
  m_NavMeshLayer: 0
  m_StaticEditorFlags: 0
  m_IsActive: 1
--- !u!4 &3938630213235298805
Transform:
  m_ObjectHideFlags: 0
  m_CorrespondingSourceObject: {fileID: 0}
  m_PrefabInstance: {fileID: 0}
  m_PrefabAsset: {fileID: 0}
  m_GameObject: {fileID: 3938630213235298806}
  m_LocalRotation: {x: 0, y: 0, z: 0, w: 1}
  m_LocalPosition: {x: 0, y: 0, z: 0}
  m_LocalScale: {x: 1, y: 1, z: 1}
  m_Children:
  - {fileID: 1976141293763468594}
  m_Father: {fileID: 3938630212722684443}
  m_RootOrder: 0
  m_LocalEulerAnglesHint: {x: 0, y: 0, z: 0}
--- !u!1 &3979546735015486931
GameObject:
  m_ObjectHideFlags: 0
  m_CorrespondingSourceObject: {fileID: 0}
  m_PrefabInstance: {fileID: 0}
  m_PrefabAsset: {fileID: 0}
  serializedVersion: 6
  m_Component:
  - component: {fileID: 903180312663509757}
  - component: {fileID: 4590483643559957260}
  m_Layer: 0
  m_Name: Ray 1_1
  m_TagString: Untagged
  m_Icon: {fileID: 0}
  m_NavMeshLayer: 0
  m_StaticEditorFlags: 0
  m_IsActive: 1
--- !u!4 &903180312663509757
Transform:
  m_ObjectHideFlags: 0
  m_CorrespondingSourceObject: {fileID: 0}
  m_PrefabInstance: {fileID: 0}
  m_PrefabAsset: {fileID: 0}
  m_GameObject: {fileID: 3979546735015486931}
  m_LocalRotation: {x: -0, y: 0.25881907, z: -0, w: 0.9659258}
  m_LocalPosition: {x: 0, y: 0, z: 0}
  m_LocalScale: {x: 1, y: 1, z: 1}
  m_Children: []
  m_Father: {fileID: 9110797952590961287}
  m_RootOrder: 1
  m_LocalEulerAnglesHint: {x: 0, y: 0, z: 0}
--- !u!114 &4590483643559957260
MonoBehaviour:
  m_ObjectHideFlags: 0
  m_CorrespondingSourceObject: {fileID: 0}
  m_PrefabInstance: {fileID: 0}
  m_PrefabAsset: {fileID: 0}
  m_GameObject: {fileID: 3979546735015486931}
  m_Enabled: 1
  m_EditorHideFlags: 0
  m_Script: {fileID: 11500000, guid: 4eef69e252fee6848bdd23e5429abac6, type: 3}
  m_Name: 
  m_EditorClassIdentifier: 
  IgnoreList: []
  EnableTagFilter: 0
  AllowedTags: []
  OnDetected:
    m_PersistentCalls:
      m_Calls: []
  OnLostDetection:
    m_PersistentCalls:
      m_Calls: []
  Length: 3
  Radius: 0
  ObstructedByLayers:
    serializedVersion: 2
    m_Bits: 1
  DetectsOnLayers:
    serializedVersion: 2
    m_Bits: 256
  DetectionMode: 0
  Direction: {x: 0, y: 0, z: 1}
  WorldSpace: 0
  SensorUpdateMode: 1
  InitialBufferSize: 20
  DynamicallyIncreaseBufferSize: 1
  OnObstruction:
    m_PersistentCalls:
      m_Calls: []
  OnClear:
    m_PersistentCalls:
      m_Calls: []
--- !u!1 &6763812769405297870
GameObject:
  m_ObjectHideFlags: 0
  m_CorrespondingSourceObject: {fileID: 0}
  m_PrefabInstance: {fileID: 0}
  m_PrefabAsset: {fileID: 0}
  serializedVersion: 6
  m_Component:
  - component: {fileID: 396031904358992482}
  - component: {fileID: 5798399630311624882}
  m_Layer: 0
  m_Name: Ray 6_1
  m_TagString: Untagged
  m_Icon: {fileID: 0}
  m_NavMeshLayer: 0
  m_StaticEditorFlags: 0
  m_IsActive: 1
--- !u!4 &396031904358992482
Transform:
  m_ObjectHideFlags: 0
  m_CorrespondingSourceObject: {fileID: 0}
  m_PrefabInstance: {fileID: 0}
  m_PrefabAsset: {fileID: 0}
  m_GameObject: {fileID: 6763812769405297870}
  m_LocalRotation: {x: -0, y: -0.50000006, z: -0, w: 0.8660254}
  m_LocalPosition: {x: 0, y: 0, z: 0}
  m_LocalScale: {x: 1, y: 1, z: 1}
  m_Children: []
  m_Father: {fileID: 9110797952590961287}
  m_RootOrder: 5
  m_LocalEulerAnglesHint: {x: 0, y: 0, z: 0}
--- !u!114 &5798399630311624882
MonoBehaviour:
  m_ObjectHideFlags: 0
  m_CorrespondingSourceObject: {fileID: 0}
  m_PrefabInstance: {fileID: 0}
  m_PrefabAsset: {fileID: 0}
  m_GameObject: {fileID: 6763812769405297870}
  m_Enabled: 1
  m_EditorHideFlags: 0
  m_Script: {fileID: 11500000, guid: 4eef69e252fee6848bdd23e5429abac6, type: 3}
  m_Name: 
  m_EditorClassIdentifier: 
  IgnoreList: []
  EnableTagFilter: 0
  AllowedTags: []
  OnDetected:
    m_PersistentCalls:
      m_Calls: []
  OnLostDetection:
    m_PersistentCalls:
      m_Calls: []
  Length: 3
  Radius: 0
  ObstructedByLayers:
    serializedVersion: 2
    m_Bits: 1
  DetectsOnLayers:
    serializedVersion: 2
    m_Bits: 256
  DetectionMode: 0
  Direction: {x: 0, y: 0, z: 1}
  WorldSpace: 0
  SensorUpdateMode: 1
  InitialBufferSize: 20
  DynamicallyIncreaseBufferSize: 1
  OnObstruction:
    m_PersistentCalls:
      m_Calls: []
  OnClear:
    m_PersistentCalls:
      m_Calls: []
--- !u!1 &7153853872403059199
GameObject:
  m_ObjectHideFlags: 0
  m_CorrespondingSourceObject: {fileID: 0}
  m_PrefabInstance: {fileID: 0}
  m_PrefabAsset: {fileID: 0}
  serializedVersion: 6
  m_Component:
  - component: {fileID: 6918267240237529606}
  - component: {fileID: 995256948713753245}
  m_Layer: 0
  m_Name: Ray 4_1
  m_TagString: Untagged
  m_Icon: {fileID: 0}
  m_NavMeshLayer: 0
  m_StaticEditorFlags: 0
  m_IsActive: 1
--- !u!4 &6918267240237529606
Transform:
  m_ObjectHideFlags: 0
  m_CorrespondingSourceObject: {fileID: 0}
  m_PrefabInstance: {fileID: 0}
  m_PrefabAsset: {fileID: 0}
  m_GameObject: {fileID: 7153853872403059199}
  m_LocalRotation: {x: -0, y: -0.25881907, z: -0, w: 0.9659258}
  m_LocalPosition: {x: 0, y: 0, z: 0}
  m_LocalScale: {x: 1, y: 1, z: 1}
  m_Children: []
  m_Father: {fileID: 9110797952590961287}
  m_RootOrder: 4
  m_LocalEulerAnglesHint: {x: 0, y: 0, z: 0}
--- !u!114 &995256948713753245
MonoBehaviour:
  m_ObjectHideFlags: 0
  m_CorrespondingSourceObject: {fileID: 0}
  m_PrefabInstance: {fileID: 0}
  m_PrefabAsset: {fileID: 0}
  m_GameObject: {fileID: 7153853872403059199}
  m_Enabled: 1
  m_EditorHideFlags: 0
  m_Script: {fileID: 11500000, guid: 4eef69e252fee6848bdd23e5429abac6, type: 3}
  m_Name: 
  m_EditorClassIdentifier: 
  IgnoreList: []
  EnableTagFilter: 0
  AllowedTags: []
  OnDetected:
    m_PersistentCalls:
      m_Calls: []
  OnLostDetection:
    m_PersistentCalls:
      m_Calls: []
  Length: 3
  Radius: 0
  ObstructedByLayers:
    serializedVersion: 2
    m_Bits: 1
  DetectsOnLayers:
    serializedVersion: 2
    m_Bits: 256
  DetectionMode: 0
  Direction: {x: 0, y: 0, z: 1}
  WorldSpace: 0
  SensorUpdateMode: 1
  InitialBufferSize: 20
  DynamicallyIncreaseBufferSize: 1
  OnObstruction:
    m_PersistentCalls:
      m_Calls: []
  OnClear:
    m_PersistentCalls:
      m_Calls: []
--- !u!1 &8182915345462036625
GameObject:
  m_ObjectHideFlags: 0
  m_CorrespondingSourceObject: {fileID: 0}
  m_PrefabInstance: {fileID: 0}
  m_PrefabAsset: {fileID: 0}
  serializedVersion: 6
  m_Component:
  - component: {fileID: 1302568667188542825}
  - component: {fileID: 8296431669639269257}
  m_Layer: 0
  m_Name: Ray 2_1
  m_TagString: Untagged
  m_Icon: {fileID: 0}
  m_NavMeshLayer: 0
  m_StaticEditorFlags: 0
  m_IsActive: 1
--- !u!4 &1302568667188542825
Transform:
  m_ObjectHideFlags: 0
  m_CorrespondingSourceObject: {fileID: 0}
  m_PrefabInstance: {fileID: 0}
  m_PrefabAsset: {fileID: 0}
  m_GameObject: {fileID: 8182915345462036625}
  m_LocalRotation: {x: -0, y: 0.50000006, z: -0, w: 0.8660254}
  m_LocalPosition: {x: 0, y: 0, z: 0}
  m_LocalScale: {x: 1, y: 1, z: 1}
  m_Children: []
  m_Father: {fileID: 9110797952590961287}
  m_RootOrder: 2
  m_LocalEulerAnglesHint: {x: 0, y: 0, z: 0}
--- !u!114 &8296431669639269257
MonoBehaviour:
  m_ObjectHideFlags: 0
  m_CorrespondingSourceObject: {fileID: 0}
  m_PrefabInstance: {fileID: 0}
  m_PrefabAsset: {fileID: 0}
  m_GameObject: {fileID: 8182915345462036625}
  m_Enabled: 1
  m_EditorHideFlags: 0
  m_Script: {fileID: 11500000, guid: 4eef69e252fee6848bdd23e5429abac6, type: 3}
  m_Name: 
  m_EditorClassIdentifier: 
  IgnoreList: []
  EnableTagFilter: 0
  AllowedTags: []
  OnDetected:
    m_PersistentCalls:
      m_Calls: []
  OnLostDetection:
    m_PersistentCalls:
      m_Calls: []
  Length: 3
  Radius: 0
  ObstructedByLayers:
    serializedVersion: 2
    m_Bits: 1
  DetectsOnLayers:
    serializedVersion: 2
    m_Bits: 256
  DetectionMode: 0
  Direction: {x: 0, y: 0, z: 1}
  WorldSpace: 0
  SensorUpdateMode: 1
  InitialBufferSize: 20
  DynamicallyIncreaseBufferSize: 1
  OnObstruction:
    m_PersistentCalls:
      m_Calls: []
  OnClear:
    m_PersistentCalls:
      m_Calls: []
--- !u!1 &8215296006935697716
GameObject:
  m_ObjectHideFlags: 0
  m_CorrespondingSourceObject: {fileID: 0}
  m_PrefabInstance: {fileID: 0}
  m_PrefabAsset: {fileID: 0}
  serializedVersion: 6
  m_Component:
  - component: {fileID: 3356991097261556508}
  - component: {fileID: 6758616398129447523}
  m_Layer: 0
  m_Name: Ray 3_1
  m_TagString: Untagged
  m_Icon: {fileID: 0}
  m_NavMeshLayer: 0
  m_StaticEditorFlags: 0
  m_IsActive: 1
--- !u!4 &3356991097261556508
Transform:
  m_ObjectHideFlags: 0
  m_CorrespondingSourceObject: {fileID: 0}
  m_PrefabInstance: {fileID: 0}
  m_PrefabAsset: {fileID: 0}
  m_GameObject: {fileID: 8215296006935697716}
  m_LocalRotation: {x: -0, y: 0.7071068, z: -0, w: 0.7071067}
  m_LocalPosition: {x: 0, y: 0, z: 0}
  m_LocalScale: {x: 1, y: 1, z: 1}
  m_Children: []
  m_Father: {fileID: 9110797952590961287}
  m_RootOrder: 3
  m_LocalEulerAnglesHint: {x: 0, y: 0, z: 0}
--- !u!114 &6758616398129447523
MonoBehaviour:
  m_ObjectHideFlags: 0
  m_CorrespondingSourceObject: {fileID: 0}
  m_PrefabInstance: {fileID: 0}
  m_PrefabAsset: {fileID: 0}
  m_GameObject: {fileID: 8215296006935697716}
  m_Enabled: 1
  m_EditorHideFlags: 0
  m_Script: {fileID: 11500000, guid: 4eef69e252fee6848bdd23e5429abac6, type: 3}
  m_Name: 
  m_EditorClassIdentifier: 
  IgnoreList: []
  EnableTagFilter: 0
  AllowedTags: []
  OnDetected:
    m_PersistentCalls:
      m_Calls: []
  OnLostDetection:
    m_PersistentCalls:
      m_Calls: []
  Length: 3
  Radius: 0
  ObstructedByLayers:
    serializedVersion: 2
    m_Bits: 1
  DetectsOnLayers:
    serializedVersion: 2
    m_Bits: 256
  DetectionMode: 0
  Direction: {x: 0, y: 0, z: 1}
  WorldSpace: 0
  SensorUpdateMode: 1
  InitialBufferSize: 20
  DynamicallyIncreaseBufferSize: 1
  OnObstruction:
    m_PersistentCalls:
      m_Calls: []
  OnClear:
    m_PersistentCalls:
      m_Calls: []
--- !u!1001 &2082373267154139865
PrefabInstance:
  m_ObjectHideFlags: 0
  serializedVersion: 2
  m_Modification:
    m_TransformParent: {fileID: 3938630213235298805}
    m_Modifications:
    - target: {fileID: -8679921383154817045, guid: 9e9b08aa58e50c74eb67853e7cee6f8c,
        type: 3}
      propertyPath: m_RootOrder
      value: 0
      objectReference: {fileID: 0}
    - target: {fileID: -8679921383154817045, guid: 9e9b08aa58e50c74eb67853e7cee6f8c,
        type: 3}
      propertyPath: m_LocalPosition.x
      value: 0
      objectReference: {fileID: 0}
    - target: {fileID: -8679921383154817045, guid: 9e9b08aa58e50c74eb67853e7cee6f8c,
        type: 3}
      propertyPath: m_LocalPosition.y
      value: 0
      objectReference: {fileID: 0}
    - target: {fileID: -8679921383154817045, guid: 9e9b08aa58e50c74eb67853e7cee6f8c,
        type: 3}
      propertyPath: m_LocalPosition.z
      value: 0
      objectReference: {fileID: 0}
    - target: {fileID: -8679921383154817045, guid: 9e9b08aa58e50c74eb67853e7cee6f8c,
        type: 3}
      propertyPath: m_LocalRotation.w
      value: 1
      objectReference: {fileID: 0}
    - target: {fileID: -8679921383154817045, guid: 9e9b08aa58e50c74eb67853e7cee6f8c,
        type: 3}
      propertyPath: m_LocalRotation.x
      value: 0
      objectReference: {fileID: 0}
    - target: {fileID: -8679921383154817045, guid: 9e9b08aa58e50c74eb67853e7cee6f8c,
        type: 3}
      propertyPath: m_LocalRotation.y
      value: 0
      objectReference: {fileID: 0}
    - target: {fileID: -8679921383154817045, guid: 9e9b08aa58e50c74eb67853e7cee6f8c,
        type: 3}
      propertyPath: m_LocalRotation.z
      value: 0
      objectReference: {fileID: 0}
    - target: {fileID: -8679921383154817045, guid: 9e9b08aa58e50c74eb67853e7cee6f8c,
        type: 3}
      propertyPath: m_LocalEulerAnglesHint.x
      value: 0
      objectReference: {fileID: 0}
    - target: {fileID: -8679921383154817045, guid: 9e9b08aa58e50c74eb67853e7cee6f8c,
        type: 3}
      propertyPath: m_LocalEulerAnglesHint.y
      value: 0
      objectReference: {fileID: 0}
    - target: {fileID: -8679921383154817045, guid: 9e9b08aa58e50c74eb67853e7cee6f8c,
        type: 3}
      propertyPath: m_LocalEulerAnglesHint.z
      value: 0
      objectReference: {fileID: 0}
    - target: {fileID: -3943323581033314468, guid: 9e9b08aa58e50c74eb67853e7cee6f8c,
        type: 3}
      propertyPath: m_CastShadows
      value: 0
      objectReference: {fileID: 0}
    - target: {fileID: -3943323581033314468, guid: 9e9b08aa58e50c74eb67853e7cee6f8c,
        type: 3}
      propertyPath: m_ReceiveShadows
      value: 0
      objectReference: {fileID: 0}
    - target: {fileID: -3943323581033314468, guid: 9e9b08aa58e50c74eb67853e7cee6f8c,
        type: 3}
      propertyPath: m_Materials.Array.data[0]
      value: 
      objectReference: {fileID: 2100000, guid: 14c578a1344b2654d9a72d313f4935a4, type: 2}
    - target: {fileID: 919132149155446097, guid: 9e9b08aa58e50c74eb67853e7cee6f8c,
        type: 3}
      propertyPath: m_Name
      value: Troop
      objectReference: {fileID: 0}
    - target: {fileID: 4050141869472848032, guid: 9e9b08aa58e50c74eb67853e7cee6f8c,
        type: 3}
      propertyPath: m_IsActive
      value: 1
      objectReference: {fileID: 0}
    - target: {fileID: 5871563823203915800, guid: 9e9b08aa58e50c74eb67853e7cee6f8c,
        type: 3}
      propertyPath: m_CastShadows
      value: 0
      objectReference: {fileID: 0}
    - target: {fileID: 5871563823203915800, guid: 9e9b08aa58e50c74eb67853e7cee6f8c,
        type: 3}
      propertyPath: m_ReceiveShadows
      value: 0
      objectReference: {fileID: 0}
    - target: {fileID: 5871563823203915800, guid: 9e9b08aa58e50c74eb67853e7cee6f8c,
        type: 3}
      propertyPath: m_Materials.Array.data[0]
      value: 
      objectReference: {fileID: 2100000, guid: 14c578a1344b2654d9a72d313f4935a4, type: 2}
    - target: {fileID: 8406042170989767724, guid: 9e9b08aa58e50c74eb67853e7cee6f8c,
        type: 3}
      propertyPath: m_CastShadows
      value: 0
      objectReference: {fileID: 0}
    - target: {fileID: 8406042170989767724, guid: 9e9b08aa58e50c74eb67853e7cee6f8c,
        type: 3}
      propertyPath: m_ReceiveShadows
      value: 0
      objectReference: {fileID: 0}
    - target: {fileID: 8406042170989767724, guid: 9e9b08aa58e50c74eb67853e7cee6f8c,
        type: 3}
      propertyPath: m_Materials.Array.data[0]
      value: 
      objectReference: {fileID: 2100000, guid: 14c578a1344b2654d9a72d313f4935a4, type: 2}
    m_RemovedComponents: []
  m_SourcePrefab: {fileID: 100100000, guid: 9e9b08aa58e50c74eb67853e7cee6f8c, type: 3}
--- !u!4 &1976141293763468594 stripped
Transform:
  m_CorrespondingSourceObject: {fileID: -8679921383154817045, guid: 9e9b08aa58e50c74eb67853e7cee6f8c,
    type: 3}
  m_PrefabInstance: {fileID: 2082373267154139865}
  m_PrefabAsset: {fileID: 0}
